%YAML 1.1
%TAG !u! tag:unity3d.com,2011:
--- !u!1 &2510894528237594251
GameObject:
  m_ObjectHideFlags: 0
  m_CorrespondingSourceObject: {fileID: 0}
  m_PrefabInstance: {fileID: 0}
  m_PrefabAsset: {fileID: 0}
  serializedVersion: 6
  m_Component:
  - component: {fileID: 5207884582314804897}
  m_Layer: 12
  m_Name: lvl_6
  m_TagString: RootObject
  m_Icon: {fileID: 0}
  m_NavMeshLayer: 0
  m_StaticEditorFlags: 0
  m_IsActive: 1
--- !u!4 &5207884582314804897
Transform:
  m_ObjectHideFlags: 0
  m_CorrespondingSourceObject: {fileID: 0}
  m_PrefabInstance: {fileID: 0}
  m_PrefabAsset: {fileID: 0}
  m_GameObject: {fileID: 2510894528237594251}
  m_LocalRotation: {x: 0, y: 0, z: 0, w: 1}
  m_LocalPosition: {x: 0, y: 0, z: 0}
  m_LocalScale: {x: 1, y: 1, z: 1}
  m_Children:
  - {fileID: 8311301724261625634}
  - {fileID: 1161854037015396108}
  - {fileID: 1461527550246950018}
  m_Father: {fileID: 0}
  m_RootOrder: 0
  m_LocalEulerAnglesHint: {x: 0, y: 0, z: 0}
--- !u!1 &3136270552553434279
GameObject:
  m_ObjectHideFlags: 0
  m_CorrespondingSourceObject: {fileID: 0}
  m_PrefabInstance: {fileID: 0}
  m_PrefabAsset: {fileID: 0}
  serializedVersion: 6
  m_Component:
  - component: {fileID: 1161854037015396108}
  - component: {fileID: 8811378937861889961}
  m_Layer: 0
  m_Name: LevelController
  m_TagString: Untagged
  m_Icon: {fileID: 0}
  m_NavMeshLayer: 0
  m_StaticEditorFlags: 0
  m_IsActive: 1
--- !u!4 &1161854037015396108
Transform:
  m_ObjectHideFlags: 0
  m_CorrespondingSourceObject: {fileID: 0}
  m_PrefabInstance: {fileID: 0}
  m_PrefabAsset: {fileID: 0}
  m_GameObject: {fileID: 3136270552553434279}
  m_LocalRotation: {x: -0, y: -0, z: -0, w: 1}
  m_LocalPosition: {x: 0, y: 0, z: 0}
  m_LocalScale: {x: 1, y: 1, z: 1}
  m_Children: []
  m_Father: {fileID: 5207884582314804897}
  m_RootOrder: 1
  m_LocalEulerAnglesHint: {x: 0, y: 0, z: 0}
--- !u!114 &8811378937861889961
MonoBehaviour:
  m_ObjectHideFlags: 0
  m_CorrespondingSourceObject: {fileID: 0}
  m_PrefabInstance: {fileID: 0}
  m_PrefabAsset: {fileID: 0}
  m_GameObject: {fileID: 3136270552553434279}
  m_Enabled: 1
  m_EditorHideFlags: 0
  m_Script: {fileID: 11500000, guid: 3e7a9e9d864bed04da1a4773e5c1ddec, type: 3}
  m_Name: 
  m_EditorClassIdentifier: 
  winPanel: {fileID: 7269141964014615363, guid: 7b2bd56d32714f64e86b15b8d6918bed,
    type: 3}
--- !u!1 &3746962516507298217
GameObject:
  m_ObjectHideFlags: 0
  m_CorrespondingSourceObject: {fileID: 0}
  m_PrefabInstance: {fileID: 0}
  m_PrefabAsset: {fileID: 0}
  serializedVersion: 6
  m_Component:
  - component: {fileID: 94926526613170081}
  m_Layer: 0
  m_Name: Environment
  m_TagString: Untagged
  m_Icon: {fileID: 0}
  m_NavMeshLayer: 0
  m_StaticEditorFlags: 0
  m_IsActive: 1
--- !u!4 &94926526613170081
Transform:
  m_ObjectHideFlags: 0
  m_CorrespondingSourceObject: {fileID: 0}
  m_PrefabInstance: {fileID: 0}
  m_PrefabAsset: {fileID: 0}
  m_GameObject: {fileID: 3746962516507298217}
  m_LocalRotation: {x: 0, y: 0, z: 0, w: 1}
  m_LocalPosition: {x: 0, y: 0, z: 0}
  m_LocalScale: {x: 1, y: 1, z: 1}
  m_Children:
  - {fileID: 2282206010302793260}
  - {fileID: 2850005993680962599}
  - {fileID: 2991400751936478896}
  - {fileID: 3100299582030149877}
  - {fileID: 8740171571049908277}
  - {fileID: 5872736729557254364}
  - {fileID: 1579895563225029378}
  m_Father: {fileID: 1461527550246950018}
  m_RootOrder: 1
  m_LocalEulerAnglesHint: {x: 0, y: 0, z: 0}
--- !u!1 &7064609898157887526
GameObject:
  m_ObjectHideFlags: 0
  m_CorrespondingSourceObject: {fileID: 0}
  m_PrefabInstance: {fileID: 0}
  m_PrefabAsset: {fileID: 0}
  serializedVersion: 6
  m_Component:
  - component: {fileID: 1461527550246950018}
  m_Layer: 0
  m_Name: Geometry
  m_TagString: Untagged
  m_Icon: {fileID: 0}
  m_NavMeshLayer: 0
  m_StaticEditorFlags: 0
  m_IsActive: 1
--- !u!4 &1461527550246950018
Transform:
  m_ObjectHideFlags: 0
  m_CorrespondingSourceObject: {fileID: 0}
  m_PrefabInstance: {fileID: 0}
  m_PrefabAsset: {fileID: 0}
  m_GameObject: {fileID: 7064609898157887526}
  m_LocalRotation: {x: -0, y: -0, z: -0, w: 1}
  m_LocalPosition: {x: 0, y: 0, z: 0}
  m_LocalScale: {x: 1, y: 1, z: 1}
  m_Children:
  - {fileID: 1241846417530001501}
  - {fileID: 94926526613170081}
  m_Father: {fileID: 5207884582314804897}
  m_RootOrder: 2
  m_LocalEulerAnglesHint: {x: 0, y: 0, z: 0}
--- !u!1 &8991666194499220992
GameObject:
  m_ObjectHideFlags: 0
  m_CorrespondingSourceObject: {fileID: 0}
  m_PrefabInstance: {fileID: 0}
  m_PrefabAsset: {fileID: 0}
  serializedVersion: 6
  m_Component:
  - component: {fileID: 8311301724261625634}
  - component: {fileID: 7649754428535540496}
  m_Layer: 0
  m_Name: LevelModel
  m_TagString: Untagged
  m_Icon: {fileID: 0}
  m_NavMeshLayer: 0
  m_StaticEditorFlags: 0
  m_IsActive: 1
--- !u!4 &8311301724261625634
Transform:
  m_ObjectHideFlags: 0
  m_CorrespondingSourceObject: {fileID: 0}
  m_PrefabInstance: {fileID: 0}
  m_PrefabAsset: {fileID: 0}
  m_GameObject: {fileID: 8991666194499220992}
  m_LocalRotation: {x: -0, y: -0, z: -0, w: 1}
  m_LocalPosition: {x: 0, y: 0, z: 0}
  m_LocalScale: {x: 1, y: 1, z: 1}
  m_Children: []
  m_Father: {fileID: 5207884582314804897}
  m_RootOrder: 0
  m_LocalEulerAnglesHint: {x: 0, y: 0, z: 0}
--- !u!114 &7649754428535540496
MonoBehaviour:
  m_ObjectHideFlags: 0
  m_CorrespondingSourceObject: {fileID: 0}
  m_PrefabInstance: {fileID: 0}
  m_PrefabAsset: {fileID: 0}
  m_GameObject: {fileID: 8991666194499220992}
  m_Enabled: 1
  m_EditorHideFlags: 0
  m_Script: {fileID: 11500000, guid: 301dab7245d603f4fb8007e3c05c1e23, type: 3}
  m_Name: 
  m_EditorClassIdentifier: 
  requiredItems:
  - {fileID: 5573340417341971124}
  - {fileID: 5495042963014813055}
  - {fileID: 8843036080254123895}
  levelID: 2
--- !u!1001 &3684506577144363521
PrefabInstance:
  m_ObjectHideFlags: 0
  serializedVersion: 2
  m_Modification:
    m_TransformParent: {fileID: 1461527550246950018}
    m_Modifications:
    - target: {fileID: 2457298027177583196, guid: b8306c75538947f499422ed8e2750032,
        type: 3}
      propertyPath: m_LocalPosition.x
      value: 0
      objectReference: {fileID: 0}
    - target: {fileID: 2457298027177583196, guid: b8306c75538947f499422ed8e2750032,
        type: 3}
      propertyPath: m_LocalPosition.y
      value: 0
      objectReference: {fileID: 0}
    - target: {fileID: 2457298027177583196, guid: b8306c75538947f499422ed8e2750032,
        type: 3}
      propertyPath: m_LocalPosition.z
      value: 0
      objectReference: {fileID: 0}
    - target: {fileID: 2457298027177583196, guid: b8306c75538947f499422ed8e2750032,
        type: 3}
      propertyPath: m_LocalRotation.x
      value: -0
      objectReference: {fileID: 0}
    - target: {fileID: 2457298027177583196, guid: b8306c75538947f499422ed8e2750032,
        type: 3}
      propertyPath: m_LocalRotation.y
      value: -0
      objectReference: {fileID: 0}
    - target: {fileID: 2457298027177583196, guid: b8306c75538947f499422ed8e2750032,
        type: 3}
      propertyPath: m_LocalRotation.z
      value: -0
      objectReference: {fileID: 0}
    - target: {fileID: 2457298027177583196, guid: b8306c75538947f499422ed8e2750032,
        type: 3}
      propertyPath: m_LocalRotation.w
      value: 1
      objectReference: {fileID: 0}
    - target: {fileID: 2457298027177583196, guid: b8306c75538947f499422ed8e2750032,
        type: 3}
      propertyPath: m_RootOrder
      value: 0
      objectReference: {fileID: 0}
    - target: {fileID: 2457298027177583196, guid: b8306c75538947f499422ed8e2750032,
        type: 3}
      propertyPath: m_LocalEulerAnglesHint.x
      value: 0
      objectReference: {fileID: 0}
    - target: {fileID: 2457298027177583196, guid: b8306c75538947f499422ed8e2750032,
        type: 3}
      propertyPath: m_LocalEulerAnglesHint.y
      value: 0
      objectReference: {fileID: 0}
    - target: {fileID: 2457298027177583196, guid: b8306c75538947f499422ed8e2750032,
        type: 3}
      propertyPath: m_LocalEulerAnglesHint.z
      value: 0
      objectReference: {fileID: 0}
    - target: {fileID: 2566677302138217946, guid: b8306c75538947f499422ed8e2750032,
        type: 3}
      propertyPath: m_Name
      value: Plane
      objectReference: {fileID: 0}
    m_RemovedComponents: []
  m_SourcePrefab: {fileID: 100100000, guid: b8306c75538947f499422ed8e2750032, type: 3}
--- !u!4 &1241846417530001501 stripped
Transform:
  m_CorrespondingSourceObject: {fileID: 2457298027177583196, guid: b8306c75538947f499422ed8e2750032,
    type: 3}
  m_PrefabInstance: {fileID: 3684506577144363521}
  m_PrefabAsset: {fileID: 0}
--- !u!1001 &4671488443491275501
PrefabInstance:
  m_ObjectHideFlags: 0
  serializedVersion: 2
  m_Modification:
    m_TransformParent: {fileID: 94926526613170081}
    m_Modifications:
    - target: {fileID: 2228214477684485435, guid: 0306e0c43c4b44e45951421a3bb508e8,
        type: 3}
      propertyPath: m_Name
      value: CrateRoot
      objectReference: {fileID: 0}
    - target: {fileID: 7447041341901854410, guid: 0306e0c43c4b44e45951421a3bb508e8,
        type: 3}
      propertyPath: m_LocalPosition.x
      value: 0.301
      objectReference: {fileID: 0}
    - target: {fileID: 7447041341901854410, guid: 0306e0c43c4b44e45951421a3bb508e8,
        type: 3}
      propertyPath: m_LocalPosition.y
      value: 0.037740394
      objectReference: {fileID: 0}
    - target: {fileID: 7447041341901854410, guid: 0306e0c43c4b44e45951421a3bb508e8,
        type: 3}
      propertyPath: m_LocalPosition.z
      value: -0.33
      objectReference: {fileID: 0}
    - target: {fileID: 7447041341901854410, guid: 0306e0c43c4b44e45951421a3bb508e8,
        type: 3}
      propertyPath: m_LocalRotation.x
      value: -0
      objectReference: {fileID: 0}
    - target: {fileID: 7447041341901854410, guid: 0306e0c43c4b44e45951421a3bb508e8,
        type: 3}
      propertyPath: m_LocalRotation.y
      value: -0.85877484
      objectReference: {fileID: 0}
    - target: {fileID: 7447041341901854410, guid: 0306e0c43c4b44e45951421a3bb508e8,
        type: 3}
      propertyPath: m_LocalRotation.z
      value: -0
      objectReference: {fileID: 0}
    - target: {fileID: 7447041341901854410, guid: 0306e0c43c4b44e45951421a3bb508e8,
        type: 3}
      propertyPath: m_LocalRotation.w
      value: -0.5123533
      objectReference: {fileID: 0}
    - target: {fileID: 7447041341901854410, guid: 0306e0c43c4b44e45951421a3bb508e8,
        type: 3}
      propertyPath: m_RootOrder
      value: 1
      objectReference: {fileID: 0}
    - target: {fileID: 7447041341901854410, guid: 0306e0c43c4b44e45951421a3bb508e8,
        type: 3}
      propertyPath: m_LocalEulerAnglesHint.x
      value: 0
      objectReference: {fileID: 0}
    - target: {fileID: 7447041341901854410, guid: 0306e0c43c4b44e45951421a3bb508e8,
        type: 3}
      propertyPath: m_LocalEulerAnglesHint.y
      value: -241.64099
      objectReference: {fileID: 0}
    - target: {fileID: 7447041341901854410, guid: 0306e0c43c4b44e45951421a3bb508e8,
        type: 3}
      propertyPath: m_LocalEulerAnglesHint.z
      value: 0
      objectReference: {fileID: 0}
    m_RemovedComponents: []
  m_SourcePrefab: {fileID: 100100000, guid: 0306e0c43c4b44e45951421a3bb508e8, type: 3}
--- !u!4 &2850005993680962599 stripped
Transform:
  m_CorrespondingSourceObject: {fileID: 7447041341901854410, guid: 0306e0c43c4b44e45951421a3bb508e8,
    type: 3}
  m_PrefabInstance: {fileID: 4671488443491275501}
  m_PrefabAsset: {fileID: 0}
--- !u!1001 &5318465849293888418
PrefabInstance:
  m_ObjectHideFlags: 0
  serializedVersion: 2
  m_Modification:
    m_TransformParent: {fileID: 94926526613170081}
    m_Modifications:
    - target: {fileID: 399884644007763677, guid: 5088e1317afdabf4a9ffd876e99464bd,
        type: 3}
      propertyPath: m_Name
      value: cloud_2_leaf
      objectReference: {fileID: 0}
    - target: {fileID: 1119548779507668505, guid: 5088e1317afdabf4a9ffd876e99464bd,
        type: 3}
      propertyPath: m_Name
      value: 2_CloudRoot
      objectReference: {fileID: 0}
    - target: {fileID: 1751577489086552958, guid: 5088e1317afdabf4a9ffd876e99464bd,
        type: 3}
      propertyPath: m_LocalPosition.x
      value: 0.097
      objectReference: {fileID: 0}
    - target: {fileID: 1751577489086552958, guid: 5088e1317afdabf4a9ffd876e99464bd,
        type: 3}
      propertyPath: m_LocalPosition.y
      value: 0.487
      objectReference: {fileID: 0}
    - target: {fileID: 1751577489086552958, guid: 5088e1317afdabf4a9ffd876e99464bd,
        type: 3}
      propertyPath: m_LocalPosition.z
      value: -0.12609
      objectReference: {fileID: 0}
    - target: {fileID: 1751577489086552958, guid: 5088e1317afdabf4a9ffd876e99464bd,
        type: 3}
      propertyPath: m_LocalRotation.x
      value: -0
      objectReference: {fileID: 0}
    - target: {fileID: 1751577489086552958, guid: 5088e1317afdabf4a9ffd876e99464bd,
        type: 3}
      propertyPath: m_LocalRotation.y
      value: -0
      objectReference: {fileID: 0}
    - target: {fileID: 1751577489086552958, guid: 5088e1317afdabf4a9ffd876e99464bd,
        type: 3}
      propertyPath: m_LocalRotation.z
      value: -0
      objectReference: {fileID: 0}
    - target: {fileID: 1751577489086552958, guid: 5088e1317afdabf4a9ffd876e99464bd,
        type: 3}
      propertyPath: m_LocalRotation.w
      value: 1
      objectReference: {fileID: 0}
    - target: {fileID: 1751577489086552958, guid: 5088e1317afdabf4a9ffd876e99464bd,
        type: 3}
      propertyPath: m_RootOrder
      value: 5
      objectReference: {fileID: 0}
    - target: {fileID: 1751577489086552958, guid: 5088e1317afdabf4a9ffd876e99464bd,
        type: 3}
      propertyPath: m_LocalEulerAnglesHint.x
      value: 0
      objectReference: {fileID: 0}
    - target: {fileID: 1751577489086552958, guid: 5088e1317afdabf4a9ffd876e99464bd,
        type: 3}
      propertyPath: m_LocalEulerAnglesHint.y
      value: 0
      objectReference: {fileID: 0}
    - target: {fileID: 1751577489086552958, guid: 5088e1317afdabf4a9ffd876e99464bd,
        type: 3}
      propertyPath: m_LocalEulerAnglesHint.z
      value: 0
      objectReference: {fileID: 0}
    - target: {fileID: 1751577489086552958, guid: 5088e1317afdabf4a9ffd876e99464bd,
        type: 3}
      propertyPath: m_LocalScale.x
      value: 0.76715
      objectReference: {fileID: 0}
    - target: {fileID: 1751577489086552958, guid: 5088e1317afdabf4a9ffd876e99464bd,
        type: 3}
      propertyPath: m_LocalScale.y
      value: 0.76715
      objectReference: {fileID: 0}
    - target: {fileID: 1751577489086552958, guid: 5088e1317afdabf4a9ffd876e99464bd,
        type: 3}
      propertyPath: m_LocalScale.z
      value: 0.76715
      objectReference: {fileID: 0}
    - target: {fileID: 2093494942157682845, guid: 5088e1317afdabf4a9ffd876e99464bd,
        type: 3}
      propertyPath: goalItem
      value: 1
      objectReference: {fileID: 0}
    m_RemovedComponents: []
  m_SourcePrefab: {fileID: 100100000, guid: 5088e1317afdabf4a9ffd876e99464bd, type: 3}
--- !u!4 &5872736729557254364 stripped
Transform:
  m_CorrespondingSourceObject: {fileID: 1751577489086552958, guid: 5088e1317afdabf4a9ffd876e99464bd,
    type: 3}
  m_PrefabInstance: {fileID: 5318465849293888418}
  m_PrefabAsset: {fileID: 0}
--- !u!1 &5495042963014813055 stripped
GameObject:
  m_CorrespondingSourceObject: {fileID: 399884644007763677, guid: 5088e1317afdabf4a9ffd876e99464bd,
    type: 3}
  m_PrefabInstance: {fileID: 5318465849293888418}
  m_PrefabAsset: {fileID: 0}
--- !u!1001 &5368606894393355840
PrefabInstance:
  m_ObjectHideFlags: 0
  serializedVersion: 2
  m_Modification:
    m_TransformParent: {fileID: 94926526613170081}
    m_Modifications:
    - target: {fileID: 5546210820497504287, guid: 9197e4121e941b74d8b586189e29ff32,
        type: 3}
      propertyPath: m_Name
      value: 3_CloudRoot
      objectReference: {fileID: 0}
    - target: {fileID: 6876421733972784450, guid: 9197e4121e941b74d8b586189e29ff32,
        type: 3}
      propertyPath: m_LocalPosition.x
      value: 0.02112734
      objectReference: {fileID: 0}
    - target: {fileID: 6876421733972784450, guid: 9197e4121e941b74d8b586189e29ff32,
        type: 3}
      propertyPath: m_LocalPosition.y
      value: 0.49539873
      objectReference: {fileID: 0}
    - target: {fileID: 6876421733972784450, guid: 9197e4121e941b74d8b586189e29ff32,
        type: 3}
      propertyPath: m_LocalPosition.z
      value: 0.1701126
      objectReference: {fileID: 0}
    - target: {fileID: 6876421733972784450, guid: 9197e4121e941b74d8b586189e29ff32,
        type: 3}
      propertyPath: m_LocalRotation.x
      value: -0.0000066123603
      objectReference: {fileID: 0}
    - target: {fileID: 6876421733972784450, guid: 9197e4121e941b74d8b586189e29ff32,
        type: 3}
      propertyPath: m_LocalRotation.y
      value: -0.531459
      objectReference: {fileID: 0}
    - target: {fileID: 6876421733972784450, guid: 9197e4121e941b74d8b586189e29ff32,
        type: 3}
      propertyPath: m_LocalRotation.z
      value: -0.0010218011
      objectReference: {fileID: 0}
    - target: {fileID: 6876421733972784450, guid: 9197e4121e941b74d8b586189e29ff32,
        type: 3}
      propertyPath: m_LocalRotation.w
      value: 0.8470834
      objectReference: {fileID: 0}
    - target: {fileID: 6876421733972784450, guid: 9197e4121e941b74d8b586189e29ff32,
        type: 3}
      propertyPath: m_RootOrder
      value: 6
      objectReference: {fileID: 0}
    - target: {fileID: 6876421733972784450, guid: 9197e4121e941b74d8b586189e29ff32,
        type: 3}
      propertyPath: m_LocalEulerAnglesHint.x
      value: -0.063
      objectReference: {fileID: 0}
    - target: {fileID: 6876421733972784450, guid: 9197e4121e941b74d8b586189e29ff32,
        type: 3}
      propertyPath: m_LocalEulerAnglesHint.y
      value: -64.208
      objectReference: {fileID: 0}
    - target: {fileID: 6876421733972784450, guid: 9197e4121e941b74d8b586189e29ff32,
        type: 3}
      propertyPath: m_LocalEulerAnglesHint.z
      value: -0.09900001
      objectReference: {fileID: 0}
    - target: {fileID: 6876421733972784450, guid: 9197e4121e941b74d8b586189e29ff32,
        type: 3}
      propertyPath: m_LocalScale.x
      value: 0.48041376
      objectReference: {fileID: 0}
    - target: {fileID: 6876421733972784450, guid: 9197e4121e941b74d8b586189e29ff32,
        type: 3}
      propertyPath: m_LocalScale.y
      value: 0.4804137
      objectReference: {fileID: 0}
    - target: {fileID: 6876421733972784450, guid: 9197e4121e941b74d8b586189e29ff32,
        type: 3}
      propertyPath: m_LocalScale.z
      value: 0.48041382
      objectReference: {fileID: 0}
    - target: {fileID: 8551790624754980311, guid: 9197e4121e941b74d8b586189e29ff32,
        type: 3}
      propertyPath: goalItem
      value: 1
      objectReference: {fileID: 0}
    m_RemovedComponents: []
  m_SourcePrefab: {fileID: 100100000, guid: 9197e4121e941b74d8b586189e29ff32, type: 3}
--- !u!4 &1579895563225029378 stripped
Transform:
  m_CorrespondingSourceObject: {fileID: 6876421733972784450, guid: 9197e4121e941b74d8b586189e29ff32,
    type: 3}
  m_PrefabInstance: {fileID: 5368606894393355840}
  m_PrefabAsset: {fileID: 0}
--- !u!1 &8843036080254123895 stripped
GameObject:
  m_CorrespondingSourceObject: {fileID: 3475048215873917239, guid: 9197e4121e941b74d8b586189e29ff32,
    type: 3}
  m_PrefabInstance: {fileID: 5368606894393355840}
  m_PrefabAsset: {fileID: 0}
--- !u!1001 &5503203786543836735
PrefabInstance:
  m_ObjectHideFlags: 0
  serializedVersion: 2
  m_Modification:
    m_TransformParent: {fileID: 94926526613170081}
    m_Modifications:
    - target: {fileID: 2228214477684485435, guid: 0306e0c43c4b44e45951421a3bb508e8,
        type: 3}
      propertyPath: m_Name
      value: CrateRoot (3)
      objectReference: {fileID: 0}
    - target: {fileID: 7447041341901854410, guid: 0306e0c43c4b44e45951421a3bb508e8,
        type: 3}
      propertyPath: m_LocalPosition.x
      value: -0.22
      objectReference: {fileID: 0}
    - target: {fileID: 7447041341901854410, guid: 0306e0c43c4b44e45951421a3bb508e8,
        type: 3}
      propertyPath: m_LocalPosition.y
      value: 0.037740394
      objectReference: {fileID: 0}
    - target: {fileID: 7447041341901854410, guid: 0306e0c43c4b44e45951421a3bb508e8,
        type: 3}
      propertyPath: m_LocalPosition.z
      value: -0.314
      objectReference: {fileID: 0}
    - target: {fileID: 7447041341901854410, guid: 0306e0c43c4b44e45951421a3bb508e8,
        type: 3}
      propertyPath: m_LocalRotation.x
      value: -0
      objectReference: {fileID: 0}
    - target: {fileID: 7447041341901854410, guid: 0306e0c43c4b44e45951421a3bb508e8,
        type: 3}
      propertyPath: m_LocalRotation.y
      value: -0.5451516
      objectReference: {fileID: 0}
    - target: {fileID: 7447041341901854410, guid: 0306e0c43c4b44e45951421a3bb508e8,
        type: 3}
      propertyPath: m_LocalRotation.z
      value: -0
      objectReference: {fileID: 0}
    - target: {fileID: 7447041341901854410, guid: 0306e0c43c4b44e45951421a3bb508e8,
        type: 3}
      propertyPath: m_LocalRotation.w
      value: -0.8383375
      objectReference: {fileID: 0}
    - target: {fileID: 7447041341901854410, guid: 0306e0c43c4b44e45951421a3bb508e8,
        type: 3}
      propertyPath: m_RootOrder
      value: 3
      objectReference: {fileID: 0}
    - target: {fileID: 7447041341901854410, guid: 0306e0c43c4b44e45951421a3bb508e8,
        type: 3}
      propertyPath: m_LocalEulerAnglesHint.x
      value: 0
      objectReference: {fileID: 0}
    - target: {fileID: 7447041341901854410, guid: 0306e0c43c4b44e45951421a3bb508e8,
        type: 3}
      propertyPath: m_LocalEulerAnglesHint.y
      value: -293.93
      objectReference: {fileID: 0}
    - target: {fileID: 7447041341901854410, guid: 0306e0c43c4b44e45951421a3bb508e8,
        type: 3}
      propertyPath: m_LocalEulerAnglesHint.z
      value: 0
      objectReference: {fileID: 0}
    m_RemovedComponents: []
  m_SourcePrefab: {fileID: 100100000, guid: 0306e0c43c4b44e45951421a3bb508e8, type: 3}
--- !u!4 &3100299582030149877 stripped
Transform:
  m_CorrespondingSourceObject: {fileID: 7447041341901854410, guid: 0306e0c43c4b44e45951421a3bb508e8,
    type: 3}
  m_PrefabInstance: {fileID: 5503203786543836735}
  m_PrefabAsset: {fileID: 0}
--- !u!1001 &5682033677743671418
PrefabInstance:
  m_ObjectHideFlags: 0
  serializedVersion: 2
  m_Modification:
    m_TransformParent: {fileID: 94926526613170081}
    m_Modifications:
    - target: {fileID: 2228214477684485435, guid: 0306e0c43c4b44e45951421a3bb508e8,
        type: 3}
      propertyPath: m_Name
      value: CrateRoot (1)
      objectReference: {fileID: 0}
    - target: {fileID: 7447041341901854410, guid: 0306e0c43c4b44e45951421a3bb508e8,
        type: 3}
      propertyPath: m_LocalPosition.x
      value: 0.31079647
      objectReference: {fileID: 0}
    - target: {fileID: 7447041341901854410, guid: 0306e0c43c4b44e45951421a3bb508e8,
        type: 3}
      propertyPath: m_LocalPosition.y
      value: 0.203
      objectReference: {fileID: 0}
    - target: {fileID: 7447041341901854410, guid: 0306e0c43c4b44e45951421a3bb508e8,
        type: 3}
      propertyPath: m_LocalPosition.z
      value: -0.32444692
      objectReference: {fileID: 0}
    - target: {fileID: 7447041341901854410, guid: 0306e0c43c4b44e45951421a3bb508e8,
        type: 3}
      propertyPath: m_LocalRotation.x
      value: -0
      objectReference: {fileID: 0}
    - target: {fileID: 7447041341901854410, guid: 0306e0c43c4b44e45951421a3bb508e8,
        type: 3}
      propertyPath: m_LocalRotation.y
      value: 0.87012464
      objectReference: {fileID: 0}
    - target: {fileID: 7447041341901854410, guid: 0306e0c43c4b44e45951421a3bb508e8,
        type: 3}
      propertyPath: m_LocalRotation.z
      value: -0
      objectReference: {fileID: 0}
    - target: {fileID: 7447041341901854410, guid: 0306e0c43c4b44e45951421a3bb508e8,
        type: 3}
      propertyPath: m_LocalRotation.w
      value: -0.49283183
      objectReference: {fileID: 0}
    - target: {fileID: 7447041341901854410, guid: 0306e0c43c4b44e45951421a3bb508e8,
        type: 3}
      propertyPath: m_RootOrder
      value: 2
      objectReference: {fileID: 0}
    - target: {fileID: 7447041341901854410, guid: 0306e0c43c4b44e45951421a3bb508e8,
        type: 3}
      propertyPath: m_LocalEulerAnglesHint.x
      value: 0
      objectReference: {fileID: 0}
    - target: {fileID: 7447041341901854410, guid: 0306e0c43c4b44e45951421a3bb508e8,
        type: 3}
      propertyPath: m_LocalEulerAnglesHint.y
      value: -480.946
      objectReference: {fileID: 0}
    - target: {fileID: 7447041341901854410, guid: 0306e0c43c4b44e45951421a3bb508e8,
        type: 3}
      propertyPath: m_LocalEulerAnglesHint.z
      value: 0
      objectReference: {fileID: 0}
    m_RemovedComponents: []
  m_SourcePrefab: {fileID: 100100000, guid: 0306e0c43c4b44e45951421a3bb508e8, type: 3}
--- !u!4 &2991400751936478896 stripped
Transform:
  m_CorrespondingSourceObject: {fileID: 7447041341901854410, guid: 0306e0c43c4b44e45951421a3bb508e8,
    type: 3}
  m_PrefabInstance: {fileID: 5682033677743671418}
  m_PrefabAsset: {fileID: 0}
--- !u!1001 &6983894590089604509
PrefabInstance:
  m_ObjectHideFlags: 0
  serializedVersion: 2
  m_Modification:
    m_TransformParent: {fileID: 94926526613170081}
    m_Modifications:
    - target: {fileID: 724050091462097013, guid: fca0867e6599bea429012b3a993fb0ce,
        type: 3}
      propertyPath: m_LocalRotation.x
      value: 0
      objectReference: {fileID: 0}
    - target: {fileID: 724050091462097013, guid: fca0867e6599bea429012b3a993fb0ce,
        type: 3}
      propertyPath: m_LocalRotation.y
      value: 0
      objectReference: {fileID: 0}
    - target: {fileID: 724050091462097013, guid: fca0867e6599bea429012b3a993fb0ce,
        type: 3}
      propertyPath: m_LocalRotation.z
      value: 0
      objectReference: {fileID: 0}
    - target: {fileID: 724050091462097013, guid: fca0867e6599bea429012b3a993fb0ce,
        type: 3}
      propertyPath: m_LocalEulerAnglesHint.y
      value: 0
      objectReference: {fileID: 0}
    - target: {fileID: 724050091462097013, guid: fca0867e6599bea429012b3a993fb0ce,
        type: 3}
      propertyPath: m_LocalRotation.w
      value: 1
      objectReference: {fileID: 0}
    - target: {fileID: 724050091462097013, guid: fca0867e6599bea429012b3a993fb0ce,
        type: 3}
      propertyPath: m_LocalPosition.y
      value: 0.001
      objectReference: {fileID: 0}
    - target: {fileID: 724050092138099260, guid: fca0867e6599bea429012b3a993fb0ce,
        type: 3}
      propertyPath: m_Size.y
      value: 49.3
      objectReference: {fileID: 0}
    - target: {fileID: 724050092138099260, guid: fca0867e6599bea429012b3a993fb0ce,
        type: 3}
      propertyPath: m_Size.z
      value: 65
      objectReference: {fileID: 0}
    - target: {fileID: 724050092138099260, guid: fca0867e6599bea429012b3a993fb0ce,
        type: 3}
      propertyPath: m_Center.z
      value: 27.4
      objectReference: {fileID: 0}
    - target: {fileID: 4133694082381015043, guid: fca0867e6599bea429012b3a993fb0ce,
        type: 3}
      propertyPath: m_LocalPosition.x
      value: 0.0000000013687
      objectReference: {fileID: 0}
    - target: {fileID: 4133694082381015043, guid: fca0867e6599bea429012b3a993fb0ce,
        type: 3}
      propertyPath: m_LocalPosition.z
      value: 0.0016794
      objectReference: {fileID: 0}
    - target: {fileID: 4133694082381015043, guid: fca0867e6599bea429012b3a993fb0ce,
        type: 3}
      propertyPath: m_LocalScale.z
      value: 0.5
      objectReference: {fileID: 0}
    - target: {fileID: 4133694082381015043, guid: fca0867e6599bea429012b3a993fb0ce,
        type: 3}
      propertyPath: m_LocalScale.x
      value: 2
      objectReference: {fileID: 0}
    - target: {fileID: 6473177598357587694, guid: fca0867e6599bea429012b3a993fb0ce,
        type: 3}
      propertyPath: m_Name
      value: Goal
      objectReference: {fileID: 0}
    - target: {fileID: 6473177598357587694, guid: fca0867e6599bea429012b3a993fb0ce,
        type: 3}
      propertyPath: m_Layer
      value: 12
      objectReference: {fileID: 0}
    - target: {fileID: 9171511813404896177, guid: fca0867e6599bea429012b3a993fb0ce,
        type: 3}
      propertyPath: m_LocalPosition.x
      value: 0.38038608
      objectReference: {fileID: 0}
    - target: {fileID: 9171511813404896177, guid: fca0867e6599bea429012b3a993fb0ce,
        type: 3}
      propertyPath: m_LocalPosition.y
      value: 0
      objectReference: {fileID: 0}
    - target: {fileID: 9171511813404896177, guid: fca0867e6599bea429012b3a993fb0ce,
        type: 3}
      propertyPath: m_LocalPosition.z
      value: 0.008646651
      objectReference: {fileID: 0}
    - target: {fileID: 9171511813404896177, guid: fca0867e6599bea429012b3a993fb0ce,
        type: 3}
      propertyPath: m_LocalRotation.x
      value: -0
      objectReference: {fileID: 0}
    - target: {fileID: 9171511813404896177, guid: fca0867e6599bea429012b3a993fb0ce,
        type: 3}
      propertyPath: m_LocalRotation.y
      value: 0.71006536
      objectReference: {fileID: 0}
    - target: {fileID: 9171511813404896177, guid: fca0867e6599bea429012b3a993fb0ce,
        type: 3}
      propertyPath: m_LocalRotation.z
      value: -0
      objectReference: {fileID: 0}
    - target: {fileID: 9171511813404896177, guid: fca0867e6599bea429012b3a993fb0ce,
        type: 3}
      propertyPath: m_LocalRotation.w
      value: 0.70413584
      objectReference: {fileID: 0}
    - target: {fileID: 9171511813404896177, guid: fca0867e6599bea429012b3a993fb0ce,
        type: 3}
      propertyPath: m_RootOrder
      value: 0
      objectReference: {fileID: 0}
    - target: {fileID: 9171511813404896177, guid: fca0867e6599bea429012b3a993fb0ce,
        type: 3}
      propertyPath: m_LocalEulerAnglesHint.x
      value: 0
      objectReference: {fileID: 0}
    - target: {fileID: 9171511813404896177, guid: fca0867e6599bea429012b3a993fb0ce,
        type: 3}
      propertyPath: m_LocalEulerAnglesHint.y
      value: 90.48
      objectReference: {fileID: 0}
    - target: {fileID: 9171511813404896177, guid: fca0867e6599bea429012b3a993fb0ce,
        type: 3}
      propertyPath: m_LocalEulerAnglesHint.z
      value: 0
      objectReference: {fileID: 0}
    - target: {fileID: 9171511813404896177, guid: fca0867e6599bea429012b3a993fb0ce,
        type: 3}
      propertyPath: m_LocalScale.x
      value: 1
      objectReference: {fileID: 0}
    - target: {fileID: 9171511813404896177, guid: fca0867e6599bea429012b3a993fb0ce,
        type: 3}
      propertyPath: m_LocalScale.y
      value: 1
      objectReference: {fileID: 0}
    - target: {fileID: 9171511813404896177, guid: fca0867e6599bea429012b3a993fb0ce,
        type: 3}
      propertyPath: m_LocalScale.z
      value: 1
      objectReference: {fileID: 0}
    m_RemovedComponents: []
  m_SourcePrefab: {fileID: 100100000, guid: fca0867e6599bea429012b3a993fb0ce, type: 3}
--- !u!4 &2282206010302793260 stripped
Transform:
  m_CorrespondingSourceObject: {fileID: 9171511813404896177, guid: fca0867e6599bea429012b3a993fb0ce,
    type: 3}
  m_PrefabInstance: {fileID: 6983894590089604509}
  m_PrefabAsset: {fileID: 0}
--- !u!1001 &8905082989733910619
PrefabInstance:
  m_ObjectHideFlags: 0
  serializedVersion: 2
  m_Modification:
    m_TransformParent: {fileID: 94926526613170081}
    m_Modifications:
    - target: {fileID: 206715267384037486, guid: fc12d33e02c83044db0b6e08dd04e2cd,
        type: 3}
      propertyPath: m_LocalPosition.x
      value: 0.054
      objectReference: {fileID: 0}
    - target: {fileID: 206715267384037486, guid: fc12d33e02c83044db0b6e08dd04e2cd,
        type: 3}
      propertyPath: m_LocalPosition.y
      value: 0.485
      objectReference: {fileID: 0}
    - target: {fileID: 206715267384037486, guid: fc12d33e02c83044db0b6e08dd04e2cd,
        type: 3}
      propertyPath: m_LocalPosition.z
      value: 0.336
      objectReference: {fileID: 0}
    - target: {fileID: 206715267384037486, guid: fc12d33e02c83044db0b6e08dd04e2cd,
        type: 3}
      propertyPath: m_LocalRotation.x
      value: -0
      objectReference: {fileID: 0}
    - target: {fileID: 206715267384037486, guid: fc12d33e02c83044db0b6e08dd04e2cd,
        type: 3}
      propertyPath: m_LocalRotation.y
      value: -0
      objectReference: {fileID: 0}
    - target: {fileID: 206715267384037486, guid: fc12d33e02c83044db0b6e08dd04e2cd,
        type: 3}
      propertyPath: m_LocalRotation.z
      value: -0
      objectReference: {fileID: 0}
    - target: {fileID: 206715267384037486, guid: fc12d33e02c83044db0b6e08dd04e2cd,
        type: 3}
      propertyPath: m_LocalRotation.w
      value: 1
      objectReference: {fileID: 0}
    - target: {fileID: 206715267384037486, guid: fc12d33e02c83044db0b6e08dd04e2cd,
        type: 3}
      propertyPath: m_RootOrder
      value: 4
      objectReference: {fileID: 0}
    - target: {fileID: 206715267384037486, guid: fc12d33e02c83044db0b6e08dd04e2cd,
        type: 3}
      propertyPath: m_LocalEulerAnglesHint.x
      value: 0
      objectReference: {fileID: 0}
    - target: {fileID: 206715267384037486, guid: fc12d33e02c83044db0b6e08dd04e2cd,
        type: 3}
      propertyPath: m_LocalEulerAnglesHint.y
      value: 0
      objectReference: {fileID: 0}
    - target: {fileID: 206715267384037486, guid: fc12d33e02c83044db0b6e08dd04e2cd,
        type: 3}
      propertyPath: m_LocalEulerAnglesHint.z
      value: 0
      objectReference: {fileID: 0}
    - target: {fileID: 206715267384037486, guid: fc12d33e02c83044db0b6e08dd04e2cd,
        type: 3}
      propertyPath: m_LocalScale.x
      value: 0.70586
      objectReference: {fileID: 0}
    - target: {fileID: 206715267384037486, guid: fc12d33e02c83044db0b6e08dd04e2cd,
        type: 3}
      propertyPath: m_LocalScale.y
      value: 0.70586
      objectReference: {fileID: 0}
    - target: {fileID: 206715267384037486, guid: fc12d33e02c83044db0b6e08dd04e2cd,
        type: 3}
      propertyPath: m_LocalScale.z
      value: 0.70586
      objectReference: {fileID: 0}
    - target: {fileID: 4552385372621324318, guid: fc12d33e02c83044db0b6e08dd04e2cd,
        type: 3}
      propertyPath: goalItem
      value: 1
      objectReference: {fileID: 0}
    - target: {fileID: 5970138492791284153, guid: fc12d33e02c83044db0b6e08dd04e2cd,
        type: 3}
      propertyPath: m_Name
      value: 1_CloudRoot
      objectReference: {fileID: 0}
    m_RemovedComponents: []
  m_SourcePrefab: {fileID: 100100000, guid: fc12d33e02c83044db0b6e08dd04e2cd, type: 3}
--- !u!4 &8740171571049908277 stripped
Transform:
  m_CorrespondingSourceObject: {fileID: 206715267384037486, guid: fc12d33e02c83044db0b6e08dd04e2cd,
    type: 3}
  m_PrefabInstance: {fileID: 8905082989733910619}
  m_PrefabAsset: {fileID: 0}
--- !u!1 &5573340417341971124 stripped
GameObject:
  m_CorrespondingSourceObject: {fileID: 3948898591921685231, guid: fc12d33e02c83044db0b6e08dd04e2cd,
    type: 3}
  m_PrefabInstance: {fileID: 8905082989733910619}
  m_PrefabAsset: {fileID: 0}
