%YAML 1.1
%TAG !u! tag:unity3d.com,2011:
--- !u!1 &2283736963072415616
GameObject:
  m_ObjectHideFlags: 0
  m_CorrespondingSourceObject: {fileID: 0}
  m_PrefabInstance: {fileID: 0}
  m_PrefabAsset: {fileID: 0}
  serializedVersion: 6
  m_Component:
  - component: {fileID: 5804794055587672537}
  - component: {fileID: 2957207919336406553}
  - component: {fileID: 7027681180082223068}
  m_Layer: 5
  m_Name: TopPanel
  m_TagString: Untagged
  m_Icon: {fileID: 0}
  m_NavMeshLayer: 0
  m_StaticEditorFlags: 0
  m_IsActive: 1
--- !u!224 &5804794055587672537
RectTransform:
  m_ObjectHideFlags: 0
  m_CorrespondingSourceObject: {fileID: 0}
  m_PrefabInstance: {fileID: 0}
  m_PrefabAsset: {fileID: 0}
  m_GameObject: {fileID: 2283736963072415616}
  m_LocalRotation: {x: 0, y: 0, z: 0, w: 1}
  m_LocalPosition: {x: 0, y: 0, z: 0}
  m_LocalScale: {x: 1, y: 1, z: 1}
  m_Children:
  - {fileID: 6045217947154775224}
  m_Father: {fileID: 7873652607951688928}
  m_RootOrder: 4
  m_LocalEulerAnglesHint: {x: 0, y: 0, z: 0}
  m_AnchorMin: {x: 0, y: 1}
  m_AnchorMax: {x: 1, y: 1}
  m_AnchoredPosition: {x: 0, y: -80}
  m_SizeDelta: {x: 0, y: 60}
  m_Pivot: {x: 0.5, y: 0}
--- !u!222 &2957207919336406553
CanvasRenderer:
  m_ObjectHideFlags: 0
  m_CorrespondingSourceObject: {fileID: 0}
  m_PrefabInstance: {fileID: 0}
  m_PrefabAsset: {fileID: 0}
  m_GameObject: {fileID: 2283736963072415616}
  m_CullTransparentMesh: 0
--- !u!114 &7027681180082223068
MonoBehaviour:
  m_ObjectHideFlags: 0
  m_CorrespondingSourceObject: {fileID: 0}
  m_PrefabInstance: {fileID: 0}
  m_PrefabAsset: {fileID: 0}
  m_GameObject: {fileID: 2283736963072415616}
  m_Enabled: 1
  m_EditorHideFlags: 0
  m_Script: {fileID: 11500000, guid: fe87c0e1cc204ed48ad3b37840f39efc, type: 3}
  m_Name: 
  m_EditorClassIdentifier: 
  m_Material: {fileID: 0}
  m_Color: {r: 1, g: 1, b: 1, a: 0.392}
  m_RaycastTarget: 1
  m_OnCullStateChanged:
    m_PersistentCalls:
      m_Calls: []
  m_Sprite: {fileID: 10907, guid: 0000000000000000f000000000000000, type: 0}
  m_Type: 1
  m_PreserveAspect: 0
  m_FillCenter: 1
  m_FillMethod: 4
  m_FillAmount: 1
  m_FillClockwise: 1
  m_FillOrigin: 0
  m_UseSpriteMesh: 0
  m_PixelsPerUnitMultiplier: 1
--- !u!1 &5394404688653855479
GameObject:
  m_ObjectHideFlags: 0
  m_CorrespondingSourceObject: {fileID: 0}
  m_PrefabInstance: {fileID: 0}
  m_PrefabAsset: {fileID: 0}
  serializedVersion: 6
  m_Component:
  - component: {fileID: 3867275770086578288}
  - component: {fileID: 1170863999057302520}
  - component: {fileID: 7478365630478489274}
  m_Layer: 5
  m_Name: MenuPanel
  m_TagString: Untagged
  m_Icon: {fileID: 0}
  m_NavMeshLayer: 0
  m_StaticEditorFlags: 0
  m_IsActive: 1
--- !u!224 &3867275770086578288
RectTransform:
  m_ObjectHideFlags: 0
  m_CorrespondingSourceObject: {fileID: 0}
  m_PrefabInstance: {fileID: 0}
  m_PrefabAsset: {fileID: 0}
  m_GameObject: {fileID: 5394404688653855479}
  m_LocalRotation: {x: 0, y: 0, z: 0, w: 1}
  m_LocalPosition: {x: 0, y: 0, z: 0}
  m_LocalScale: {x: 1, y: 1, z: 1}
  m_Children: []
  m_Father: {fileID: 7873652607951688928}
  m_RootOrder: 0
  m_LocalEulerAnglesHint: {x: 0, y: 0, z: 0}
  m_AnchorMin: {x: 0, y: 0}
  m_AnchorMax: {x: 1, y: 1}
  m_AnchoredPosition: {x: 0, y: 0}
  m_SizeDelta: {x: 0, y: 0}
  m_Pivot: {x: 0.5, y: 0.5}
--- !u!222 &1170863999057302520
CanvasRenderer:
  m_ObjectHideFlags: 0
  m_CorrespondingSourceObject: {fileID: 0}
  m_PrefabInstance: {fileID: 0}
  m_PrefabAsset: {fileID: 0}
  m_GameObject: {fileID: 5394404688653855479}
  m_CullTransparentMesh: 0
--- !u!114 &7478365630478489274
MonoBehaviour:
  m_ObjectHideFlags: 0
  m_CorrespondingSourceObject: {fileID: 0}
  m_PrefabInstance: {fileID: 0}
  m_PrefabAsset: {fileID: 0}
  m_GameObject: {fileID: 5394404688653855479}
  m_Enabled: 1
  m_EditorHideFlags: 0
  m_Script: {fileID: 11500000, guid: fe87c0e1cc204ed48ad3b37840f39efc, type: 3}
  m_Name: 
  m_EditorClassIdentifier: 
  m_Material: {fileID: 0}
  m_Color: {r: 1, g: 1, b: 1, a: 0.392}
  m_RaycastTarget: 1
  m_OnCullStateChanged:
    m_PersistentCalls:
      m_Calls: []
  m_Sprite: {fileID: 10907, guid: 0000000000000000f000000000000000, type: 0}
  m_Type: 1
  m_PreserveAspect: 0
  m_FillCenter: 1
  m_FillMethod: 4
  m_FillAmount: 1
  m_FillClockwise: 1
  m_FillOrigin: 0
  m_UseSpriteMesh: 0
  m_PixelsPerUnitMultiplier: 1
--- !u!1 &7831871612991022877
GameObject:
  m_ObjectHideFlags: 0
  m_CorrespondingSourceObject: {fileID: 0}
  m_PrefabInstance: {fileID: 0}
  m_PrefabAsset: {fileID: 0}
  serializedVersion: 6
  m_Component:
  - component: {fileID: 6045217947154775224}
  - component: {fileID: 4676144525635634839}
  - component: {fileID: 581624550423523989}
  m_Layer: 0
  m_Name: NavGroupController
  m_TagString: Untagged
  m_Icon: {fileID: 0}
  m_NavMeshLayer: 0
  m_StaticEditorFlags: 0
  m_IsActive: 1
--- !u!224 &6045217947154775224
RectTransform:
  m_ObjectHideFlags: 0
  m_CorrespondingSourceObject: {fileID: 0}
  m_PrefabInstance: {fileID: 0}
  m_PrefabAsset: {fileID: 0}
  m_GameObject: {fileID: 7831871612991022877}
  m_LocalRotation: {x: -0, y: -0, z: -0, w: 1}
  m_LocalPosition: {x: 0, y: 0, z: 0}
  m_LocalScale: {x: 1, y: 1, z: 1}
  m_Children:
  - {fileID: 5758346853317891243}
  - {fileID: 6627215710689398183}
  - {fileID: 7721922089165479491}
  m_Father: {fileID: 5804794055587672537}
  m_RootOrder: 0
  m_LocalEulerAnglesHint: {x: 0, y: 0, z: 0}
  m_AnchorMin: {x: 0, y: 0}
  m_AnchorMax: {x: 1, y: 1}
  m_AnchoredPosition: {x: 0, y: 0}
  m_SizeDelta: {x: 0, y: 0}
  m_Pivot: {x: 0, y: 0}
--- !u!114 &4676144525635634839
MonoBehaviour:
  m_ObjectHideFlags: 0
  m_CorrespondingSourceObject: {fileID: 0}
  m_PrefabInstance: {fileID: 0}
  m_PrefabAsset: {fileID: 0}
  m_GameObject: {fileID: 7831871612991022877}
  m_Enabled: 1
  m_EditorHideFlags: 0
  m_Script: {fileID: 11500000, guid: aa92ca70e34e972499c71e2f646b2ea8, type: 3}
  m_Name: 
  m_EditorClassIdentifier: 
--- !u!114 &581624550423523989
MonoBehaviour:
  m_ObjectHideFlags: 0
  m_CorrespondingSourceObject: {fileID: 0}
  m_PrefabInstance: {fileID: 0}
  m_PrefabAsset: {fileID: 0}
  m_GameObject: {fileID: 7831871612991022877}
  m_Enabled: 1
  m_EditorHideFlags: 0
  m_Script: {fileID: 11500000, guid: 30649d3a9faa99c48a7b1166b86bf2a0, type: 3}
  m_Name: 
  m_EditorClassIdentifier: 
  m_Padding:
    m_Left: 0
    m_Right: 0
    m_Top: 0
    m_Bottom: 0
  m_ChildAlignment: 4
  m_Spacing: 0
  m_ChildForceExpandWidth: 1
  m_ChildForceExpandHeight: 1
  m_ChildControlWidth: 0
  m_ChildControlHeight: 0
  m_ChildScaleWidth: 0
  m_ChildScaleHeight: 0
--- !u!1 &7873652607951688932
GameObject:
  m_ObjectHideFlags: 0
  m_CorrespondingSourceObject: {fileID: 0}
  m_PrefabInstance: {fileID: 0}
  m_PrefabAsset: {fileID: 0}
  serializedVersion: 6
  m_Component:
  - component: {fileID: 7873652607951688928}
  - component: {fileID: 7873652607951688935}
  - component: {fileID: 7873652607951688934}
  - component: {fileID: 7873652607951688933}
  m_Layer: 5
  m_Name: IngameCanvas
  m_TagString: Untagged
  m_Icon: {fileID: 0}
  m_NavMeshLayer: 0
  m_StaticEditorFlags: 0
  m_IsActive: 1
--- !u!224 &7873652607951688928
RectTransform:
  m_ObjectHideFlags: 0
  m_CorrespondingSourceObject: {fileID: 0}
  m_PrefabInstance: {fileID: 0}
  m_PrefabAsset: {fileID: 0}
  m_GameObject: {fileID: 7873652607951688932}
  m_LocalRotation: {x: 0, y: 0, z: 0, w: 1}
  m_LocalPosition: {x: 0, y: 0, z: 0}
  m_LocalScale: {x: 0, y: 0, z: 0}
  m_Children:
  - {fileID: 3867275770086578288}
  - {fileID: 2316280744635250654}
  - {fileID: 2866797413539841320}
  - {fileID: 3216297393524075519}
  - {fileID: 5804794055587672537}
  - {fileID: 7873652608396747741}
  m_Father: {fileID: 0}
  m_RootOrder: 0
  m_LocalEulerAnglesHint: {x: 0, y: 0, z: 0}
  m_AnchorMin: {x: 0, y: 0}
  m_AnchorMax: {x: 0, y: 0}
  m_AnchoredPosition: {x: 0, y: 0}
  m_SizeDelta: {x: 0, y: 0}
  m_Pivot: {x: 0, y: 0}
--- !u!223 &7873652607951688935
Canvas:
  m_ObjectHideFlags: 0
  m_CorrespondingSourceObject: {fileID: 0}
  m_PrefabInstance: {fileID: 0}
  m_PrefabAsset: {fileID: 0}
  m_GameObject: {fileID: 7873652607951688932}
  m_Enabled: 1
  serializedVersion: 3
  m_RenderMode: 0
  m_Camera: {fileID: 0}
  m_PlaneDistance: 100
  m_PixelPerfect: 0
  m_ReceivesEvents: 1
  m_OverrideSorting: 0
  m_OverridePixelPerfect: 0
  m_SortingBucketNormalizedSize: 0
  m_AdditionalShaderChannelsFlag: 0
  m_SortingLayerID: 0
  m_SortingOrder: 0
  m_TargetDisplay: 0
--- !u!114 &7873652607951688934
MonoBehaviour:
  m_ObjectHideFlags: 0
  m_CorrespondingSourceObject: {fileID: 0}
  m_PrefabInstance: {fileID: 0}
  m_PrefabAsset: {fileID: 0}
  m_GameObject: {fileID: 7873652607951688932}
  m_Enabled: 1
  m_EditorHideFlags: 0
  m_Script: {fileID: 11500000, guid: 0cd44c1031e13a943bb63640046fad76, type: 3}
  m_Name: 
  m_EditorClassIdentifier: 
  m_UiScaleMode: 0
  m_ReferencePixelsPerUnit: 100
  m_ScaleFactor: 1
  m_ReferenceResolution: {x: 800, y: 600}
  m_ScreenMatchMode: 0
  m_MatchWidthOrHeight: 0
  m_PhysicalUnit: 3
  m_FallbackScreenDPI: 96
  m_DefaultSpriteDPI: 96
  m_DynamicPixelsPerUnit: 1
--- !u!114 &7873652607951688933
MonoBehaviour:
  m_ObjectHideFlags: 0
  m_CorrespondingSourceObject: {fileID: 0}
  m_PrefabInstance: {fileID: 0}
  m_PrefabAsset: {fileID: 0}
  m_GameObject: {fileID: 7873652607951688932}
  m_Enabled: 1
  m_EditorHideFlags: 0
  m_Script: {fileID: 11500000, guid: dc42784cf147c0c48a680349fa168899, type: 3}
  m_Name: 
  m_EditorClassIdentifier: 
  m_IgnoreReversedGraphics: 1
  m_BlockingObjects: 0
  m_BlockingMask:
    serializedVersion: 2
    m_Bits: 4294967295
--- !u!1 &7873652608396747740
GameObject:
  m_ObjectHideFlags: 0
  m_CorrespondingSourceObject: {fileID: 0}
  m_PrefabInstance: {fileID: 0}
  m_PrefabAsset: {fileID: 0}
  serializedVersion: 6
  m_Component:
  - component: {fileID: 7873652608396747741}
  - component: {fileID: 7873652608396747743}
  - component: {fileID: 7873652608396747742}
  m_Layer: 5
  m_Name: BottomPanel
  m_TagString: Untagged
  m_Icon: {fileID: 0}
  m_NavMeshLayer: 0
  m_StaticEditorFlags: 0
  m_IsActive: 1
--- !u!224 &7873652608396747741
RectTransform:
  m_ObjectHideFlags: 0
  m_CorrespondingSourceObject: {fileID: 0}
  m_PrefabInstance: {fileID: 0}
  m_PrefabAsset: {fileID: 0}
  m_GameObject: {fileID: 7873652608396747740}
  m_LocalRotation: {x: 0, y: 0, z: 0, w: 1}
  m_LocalPosition: {x: 0, y: 0, z: 0}
  m_LocalScale: {x: 1, y: 1, z: 1}
  m_Children:
  - {fileID: 7873652608667059062}
  m_Father: {fileID: 7873652607951688928}
  m_RootOrder: 5
  m_LocalEulerAnglesHint: {x: 0, y: 0, z: 0}
  m_AnchorMin: {x: 0, y: 0}
  m_AnchorMax: {x: 1, y: 0}
  m_AnchoredPosition: {x: 0, y: 0}
  m_SizeDelta: {x: 0, y: 80}
  m_Pivot: {x: 0.5, y: 0}
--- !u!222 &7873652608396747743
CanvasRenderer:
  m_ObjectHideFlags: 0
  m_CorrespondingSourceObject: {fileID: 0}
  m_PrefabInstance: {fileID: 0}
  m_PrefabAsset: {fileID: 0}
  m_GameObject: {fileID: 7873652608396747740}
  m_CullTransparentMesh: 0
--- !u!114 &7873652608396747742
MonoBehaviour:
  m_ObjectHideFlags: 0
  m_CorrespondingSourceObject: {fileID: 0}
  m_PrefabInstance: {fileID: 0}
  m_PrefabAsset: {fileID: 0}
  m_GameObject: {fileID: 7873652608396747740}
  m_Enabled: 1
  m_EditorHideFlags: 0
  m_Script: {fileID: 11500000, guid: fe87c0e1cc204ed48ad3b37840f39efc, type: 3}
  m_Name: 
  m_EditorClassIdentifier: 
  m_Material: {fileID: 0}
  m_Color: {r: 1, g: 1, b: 1, a: 0.392}
  m_RaycastTarget: 1
  m_OnCullStateChanged:
    m_PersistentCalls:
      m_Calls: []
  m_Sprite: {fileID: 10907, guid: 0000000000000000f000000000000000, type: 0}
  m_Type: 1
  m_PreserveAspect: 0
  m_FillCenter: 1
  m_FillMethod: 4
  m_FillAmount: 1
  m_FillClockwise: 1
  m_FillOrigin: 0
  m_UseSpriteMesh: 0
  m_PixelsPerUnitMultiplier: 1
--- !u!1 &7873652608667059061
GameObject:
  m_ObjectHideFlags: 0
  m_CorrespondingSourceObject: {fileID: 0}
  m_PrefabInstance: {fileID: 0}
  m_PrefabAsset: {fileID: 0}
  serializedVersion: 6
  m_Component:
  - component: {fileID: 7873652608667059062}
  - component: {fileID: 2976810531441220328}
  m_Layer: 5
  m_Name: ToolGroupController
  m_TagString: Untagged
  m_Icon: {fileID: 0}
  m_NavMeshLayer: 0
  m_StaticEditorFlags: 0
  m_IsActive: 1
--- !u!224 &7873652608667059062
RectTransform:
  m_ObjectHideFlags: 0
  m_CorrespondingSourceObject: {fileID: 0}
  m_PrefabInstance: {fileID: 0}
  m_PrefabAsset: {fileID: 0}
  m_GameObject: {fileID: 7873652608667059061}
  m_LocalRotation: {x: 0, y: 0, z: 0, w: 1}
  m_LocalPosition: {x: 0, y: 0, z: 0}
  m_LocalScale: {x: 1, y: 1, z: 1}
  m_Children:
  - {fileID: 7873652609326979003}
  - {fileID: 7873652609476200159}
  m_Father: {fileID: 7873652608396747741}
  m_RootOrder: 0
  m_LocalEulerAnglesHint: {x: 0, y: 0, z: 0}
  m_AnchorMin: {x: 0, y: 0}
  m_AnchorMax: {x: 1, y: 1}
  m_AnchoredPosition: {x: 0, y: 0}
  m_SizeDelta: {x: -30, y: -30}
  m_Pivot: {x: 0.5, y: 0.5}
--- !u!114 &2976810531441220328
MonoBehaviour:
  m_ObjectHideFlags: 0
  m_CorrespondingSourceObject: {fileID: 0}
  m_PrefabInstance: {fileID: 0}
  m_PrefabAsset: {fileID: 0}
  m_GameObject: {fileID: 7873652608667059061}
  m_Enabled: 1
  m_EditorHideFlags: 0
  m_Script: {fileID: 11500000, guid: 40ee6cb08acfb5f45983e49a7c43400e, type: 3}
  m_Name: 
  m_EditorClassIdentifier: 
  createModeGroup: {fileID: 7873652609326979002}
  placeModeGroup: {fileID: 7873652609476200158}
  myCamera: {fileID: 0}
  spawnObjects:
  - {fileID: 8418257513571118343, guid: 035459bd2dfee14499afb8017c8c391c, type: 3}
  - {fileID: 502418851787883484, guid: 8a1fb6d9a9027754884e21d484acc6b7, type: 3}
  - {fileID: 4176496543484392537, guid: 9b4b64ce11cf82d41a85360a9dc85e86, type: 3}
--- !u!1 &7873652609326979002
GameObject:
  m_ObjectHideFlags: 0
  m_CorrespondingSourceObject: {fileID: 0}
  m_PrefabInstance: {fileID: 0}
  m_PrefabAsset: {fileID: 0}
  serializedVersion: 6
  m_Component:
  - component: {fileID: 7873652609326979003}
  - component: {fileID: 7873652609326978996}
  m_Layer: 5
  m_Name: CreateMode
  m_TagString: Untagged
  m_Icon: {fileID: 0}
  m_NavMeshLayer: 0
  m_StaticEditorFlags: 0
  m_IsActive: 1
--- !u!224 &7873652609326979003
RectTransform:
  m_ObjectHideFlags: 0
  m_CorrespondingSourceObject: {fileID: 0}
  m_PrefabInstance: {fileID: 0}
  m_PrefabAsset: {fileID: 0}
  m_GameObject: {fileID: 7873652609326979002}
  m_LocalRotation: {x: 0, y: 0, z: 0, w: 1}
  m_LocalPosition: {x: 0, y: 0, z: 10}
  m_LocalScale: {x: 1, y: 1, z: 1}
  m_Children:
  - {fileID: 5151547567960071954}
  - {fileID: 344677338814242888}
  - {fileID: 1127076822084692938}
  - {fileID: 7836445399907879889}
  m_Father: {fileID: 7873652608667059062}
  m_RootOrder: 0
  m_LocalEulerAnglesHint: {x: 0, y: 0, z: 0}
  m_AnchorMin: {x: 0, y: 0}
  m_AnchorMax: {x: 1, y: 1}
  m_AnchoredPosition: {x: 0, y: 0}
  m_SizeDelta: {x: -20, y: -20}
  m_Pivot: {x: 0.5, y: 0.5}
--- !u!114 &7873652609326978996
MonoBehaviour:
  m_ObjectHideFlags: 0
  m_CorrespondingSourceObject: {fileID: 0}
  m_PrefabInstance: {fileID: 0}
  m_PrefabAsset: {fileID: 0}
  m_GameObject: {fileID: 7873652609326979002}
  m_Enabled: 1
  m_EditorHideFlags: 0
  m_Script: {fileID: 11500000, guid: 30649d3a9faa99c48a7b1166b86bf2a0, type: 3}
  m_Name: 
  m_EditorClassIdentifier: 
  m_Padding:
    m_Left: 0
    m_Right: 0
    m_Top: 0
    m_Bottom: 0
  m_ChildAlignment: 4
  m_Spacing: 0
  m_ChildForceExpandWidth: 1
  m_ChildForceExpandHeight: 1
  m_ChildControlWidth: 0
  m_ChildControlHeight: 0
  m_ChildScaleWidth: 0
  m_ChildScaleHeight: 0
--- !u!1 &7873652609476200158
GameObject:
  m_ObjectHideFlags: 0
  m_CorrespondingSourceObject: {fileID: 0}
  m_PrefabInstance: {fileID: 0}
  m_PrefabAsset: {fileID: 0}
  serializedVersion: 6
  m_Component:
  - component: {fileID: 7873652609476200159}
  - component: {fileID: 7873652609476200152}
  m_Layer: 5
  m_Name: PlaceMode
  m_TagString: Untagged
  m_Icon: {fileID: 0}
  m_NavMeshLayer: 0
  m_StaticEditorFlags: 0
  m_IsActive: 0
--- !u!224 &7873652609476200159
RectTransform:
  m_ObjectHideFlags: 0
  m_CorrespondingSourceObject: {fileID: 0}
  m_PrefabInstance: {fileID: 0}
  m_PrefabAsset: {fileID: 0}
  m_GameObject: {fileID: 7873652609476200158}
  m_LocalRotation: {x: 0, y: 0, z: 0, w: 1}
  m_LocalPosition: {x: 0, y: 0, z: 10}
  m_LocalScale: {x: 1, y: 1, z: 1}
  m_Children:
  - {fileID: 5140730600517734174}
  m_Father: {fileID: 7873652608667059062}
  m_RootOrder: 1
  m_LocalEulerAnglesHint: {x: 0, y: 0, z: 0}
  m_AnchorMin: {x: 0, y: 0}
  m_AnchorMax: {x: 1, y: 1}
  m_AnchoredPosition: {x: 0, y: 0}
  m_SizeDelta: {x: -20, y: -20}
  m_Pivot: {x: 0.5, y: 0.5}
--- !u!114 &7873652609476200152
MonoBehaviour:
  m_ObjectHideFlags: 0
  m_CorrespondingSourceObject: {fileID: 0}
  m_PrefabInstance: {fileID: 0}
  m_PrefabAsset: {fileID: 0}
  m_GameObject: {fileID: 7873652609476200158}
  m_Enabled: 1
  m_EditorHideFlags: 0
  m_Script: {fileID: 11500000, guid: 30649d3a9faa99c48a7b1166b86bf2a0, type: 3}
  m_Name: 
  m_EditorClassIdentifier: 
  m_Padding:
    m_Left: 0
    m_Right: 0
    m_Top: 0
    m_Bottom: 0
  m_ChildAlignment: 4
  m_Spacing: 0
  m_ChildForceExpandWidth: 1
  m_ChildForceExpandHeight: 1
  m_ChildControlWidth: 0
  m_ChildControlHeight: 0
  m_ChildScaleWidth: 0
  m_ChildScaleHeight: 0
--- !u!1001 &28820574960784276
PrefabInstance:
  m_ObjectHideFlags: 0
  serializedVersion: 2
  m_Modification:
    m_TransformParent: {fileID: 7873652609326979003}
    m_Modifications:
    - target: {fileID: 1860851341816307430, guid: 47760a394c2e4954e8f6868755735e39,
        type: 3}
      propertyPath: m_Name
      value: ItemButton4
      objectReference: {fileID: 0}
    - target: {fileID: 2175655030898776866, guid: 47760a394c2e4954e8f6868755735e39,
        type: 3}
      propertyPath: m_Texture
      value: 
      objectReference: {fileID: 2800000, guid: 001bee10e735345119f8b002c51dcce9, type: 3}
    - target: {fileID: 5139185953417035893, guid: 47760a394c2e4954e8f6868755735e39,
        type: 3}
      propertyPath: m_SizeDelta.x
      value: 50
      objectReference: {fileID: 0}
    - target: {fileID: 5139185953417035893, guid: 47760a394c2e4954e8f6868755735e39,
        type: 3}
      propertyPath: m_SizeDelta.y
      value: 50
      objectReference: {fileID: 0}
    - target: {fileID: 7829158013004044357, guid: 47760a394c2e4954e8f6868755735e39,
        type: 3}
      propertyPath: m_LocalPosition.x
      value: 0
      objectReference: {fileID: 0}
    - target: {fileID: 7829158013004044357, guid: 47760a394c2e4954e8f6868755735e39,
        type: 3}
      propertyPath: m_LocalPosition.y
      value: 0
      objectReference: {fileID: 0}
    - target: {fileID: 7829158013004044357, guid: 47760a394c2e4954e8f6868755735e39,
        type: 3}
      propertyPath: m_LocalPosition.z
      value: 0
      objectReference: {fileID: 0}
    - target: {fileID: 7829158013004044357, guid: 47760a394c2e4954e8f6868755735e39,
        type: 3}
      propertyPath: m_LocalRotation.x
      value: 0
      objectReference: {fileID: 0}
    - target: {fileID: 7829158013004044357, guid: 47760a394c2e4954e8f6868755735e39,
        type: 3}
      propertyPath: m_LocalRotation.y
      value: 0
      objectReference: {fileID: 0}
    - target: {fileID: 7829158013004044357, guid: 47760a394c2e4954e8f6868755735e39,
        type: 3}
      propertyPath: m_LocalRotation.z
      value: 0
      objectReference: {fileID: 0}
    - target: {fileID: 7829158013004044357, guid: 47760a394c2e4954e8f6868755735e39,
        type: 3}
      propertyPath: m_LocalRotation.w
      value: 1
      objectReference: {fileID: 0}
    - target: {fileID: 7829158013004044357, guid: 47760a394c2e4954e8f6868755735e39,
        type: 3}
      propertyPath: m_RootOrder
      value: 3
      objectReference: {fileID: 0}
    - target: {fileID: 7829158013004044357, guid: 47760a394c2e4954e8f6868755735e39,
        type: 3}
      propertyPath: m_LocalEulerAnglesHint.x
      value: 0
      objectReference: {fileID: 0}
    - target: {fileID: 7829158013004044357, guid: 47760a394c2e4954e8f6868755735e39,
        type: 3}
      propertyPath: m_LocalEulerAnglesHint.y
      value: 0
      objectReference: {fileID: 0}
    - target: {fileID: 7829158013004044357, guid: 47760a394c2e4954e8f6868755735e39,
        type: 3}
      propertyPath: m_LocalEulerAnglesHint.z
      value: 0
      objectReference: {fileID: 0}
    - target: {fileID: 7829158013004044357, guid: 47760a394c2e4954e8f6868755735e39,
        type: 3}
      propertyPath: m_AnchoredPosition.x
      value: 0
      objectReference: {fileID: 0}
    - target: {fileID: 7829158013004044357, guid: 47760a394c2e4954e8f6868755735e39,
        type: 3}
      propertyPath: m_AnchoredPosition.y
      value: 0
      objectReference: {fileID: 0}
    - target: {fileID: 7829158013004044357, guid: 47760a394c2e4954e8f6868755735e39,
        type: 3}
      propertyPath: m_SizeDelta.x
      value: 80
      objectReference: {fileID: 0}
    - target: {fileID: 7829158013004044357, guid: 47760a394c2e4954e8f6868755735e39,
        type: 3}
      propertyPath: m_SizeDelta.y
      value: 80
      objectReference: {fileID: 0}
    - target: {fileID: 7829158013004044357, guid: 47760a394c2e4954e8f6868755735e39,
        type: 3}
      propertyPath: m_AnchorMin.x
      value: 0
      objectReference: {fileID: 0}
    - target: {fileID: 7829158013004044357, guid: 47760a394c2e4954e8f6868755735e39,
        type: 3}
      propertyPath: m_AnchorMin.y
      value: 0
      objectReference: {fileID: 0}
    - target: {fileID: 7829158013004044357, guid: 47760a394c2e4954e8f6868755735e39,
        type: 3}
      propertyPath: m_AnchorMax.x
      value: 0
      objectReference: {fileID: 0}
    - target: {fileID: 7829158013004044357, guid: 47760a394c2e4954e8f6868755735e39,
        type: 3}
      propertyPath: m_AnchorMax.y
      value: 0
      objectReference: {fileID: 0}
    - target: {fileID: 7829158013004044357, guid: 47760a394c2e4954e8f6868755735e39,
        type: 3}
      propertyPath: m_Pivot.x
      value: 0.5
      objectReference: {fileID: 0}
    - target: {fileID: 7829158013004044357, guid: 47760a394c2e4954e8f6868755735e39,
        type: 3}
      propertyPath: m_Pivot.y
      value: 0.5
      objectReference: {fileID: 0}
    m_RemovedComponents: []
  m_SourcePrefab: {fileID: 100100000, guid: 47760a394c2e4954e8f6868755735e39, type: 3}
--- !u!224 &7836445399907879889 stripped
RectTransform:
  m_CorrespondingSourceObject: {fileID: 7829158013004044357, guid: 47760a394c2e4954e8f6868755735e39,
    type: 3}
  m_PrefabInstance: {fileID: 28820574960784276}
  m_PrefabAsset: {fileID: 0}
--- !u!1001 &544661231801271814
PrefabInstance:
  m_ObjectHideFlags: 0
  serializedVersion: 2
  m_Modification:
    m_TransformParent: {fileID: 6045217947154775224}
    m_Modifications:
    - target: {fileID: 1860851341816307430, guid: 47760a394c2e4954e8f6868755735e39,
        type: 3}
      propertyPath: m_Name
      value: StartPhysicsButton
      objectReference: {fileID: 0}
    - target: {fileID: 2175655030898776866, guid: 47760a394c2e4954e8f6868755735e39,
        type: 3}
      propertyPath: m_Texture
      value: 
      objectReference: {fileID: 2800000, guid: b1e4ba6604f6e492eae1babac768d396, type: 3}
    - target: {fileID: 3783236772293371753, guid: 47760a394c2e4954e8f6868755735e39,
        type: 3}
      propertyPath: m_Sprite
      value: 
      objectReference: {fileID: 21300000, guid: b1e4ba6604f6e492eae1babac768d396,
        type: 3}
    - target: {fileID: 3783236772293371753, guid: 47760a394c2e4954e8f6868755735e39,
        type: 3}
      propertyPath: m_Type
      value: 0
      objectReference: {fileID: 0}
    - target: {fileID: 5139185953417035893, guid: 47760a394c2e4954e8f6868755735e39,
        type: 3}
      propertyPath: m_SizeDelta.x
      value: 63
      objectReference: {fileID: 0}
    - target: {fileID: 5139185953417035893, guid: 47760a394c2e4954e8f6868755735e39,
        type: 3}
      propertyPath: m_SizeDelta.y
      value: 42
      objectReference: {fileID: 0}
    - target: {fileID: 7829158013004044357, guid: 47760a394c2e4954e8f6868755735e39,
        type: 3}
      propertyPath: m_LocalPosition.x
      value: 0
      objectReference: {fileID: 0}
    - target: {fileID: 7829158013004044357, guid: 47760a394c2e4954e8f6868755735e39,
        type: 3}
      propertyPath: m_LocalPosition.y
      value: 0
      objectReference: {fileID: 0}
    - target: {fileID: 7829158013004044357, guid: 47760a394c2e4954e8f6868755735e39,
        type: 3}
      propertyPath: m_LocalPosition.z
      value: 0
      objectReference: {fileID: 0}
    - target: {fileID: 7829158013004044357, guid: 47760a394c2e4954e8f6868755735e39,
        type: 3}
      propertyPath: m_LocalRotation.x
      value: 0
      objectReference: {fileID: 0}
    - target: {fileID: 7829158013004044357, guid: 47760a394c2e4954e8f6868755735e39,
        type: 3}
      propertyPath: m_LocalRotation.y
      value: 0
      objectReference: {fileID: 0}
    - target: {fileID: 7829158013004044357, guid: 47760a394c2e4954e8f6868755735e39,
        type: 3}
      propertyPath: m_LocalRotation.z
      value: 0
      objectReference: {fileID: 0}
    - target: {fileID: 7829158013004044357, guid: 47760a394c2e4954e8f6868755735e39,
        type: 3}
      propertyPath: m_LocalRotation.w
      value: 1
      objectReference: {fileID: 0}
    - target: {fileID: 7829158013004044357, guid: 47760a394c2e4954e8f6868755735e39,
        type: 3}
      propertyPath: m_RootOrder
      value: 2
      objectReference: {fileID: 0}
    - target: {fileID: 7829158013004044357, guid: 47760a394c2e4954e8f6868755735e39,
        type: 3}
      propertyPath: m_LocalEulerAnglesHint.x
      value: 0
      objectReference: {fileID: 0}
    - target: {fileID: 7829158013004044357, guid: 47760a394c2e4954e8f6868755735e39,
        type: 3}
      propertyPath: m_LocalEulerAnglesHint.y
      value: 0
      objectReference: {fileID: 0}
    - target: {fileID: 7829158013004044357, guid: 47760a394c2e4954e8f6868755735e39,
        type: 3}
      propertyPath: m_LocalEulerAnglesHint.z
      value: 0
      objectReference: {fileID: 0}
    - target: {fileID: 7829158013004044357, guid: 47760a394c2e4954e8f6868755735e39,
        type: 3}
      propertyPath: m_AnchoredPosition.x
      value: 0
      objectReference: {fileID: 0}
    - target: {fileID: 7829158013004044357, guid: 47760a394c2e4954e8f6868755735e39,
        type: 3}
      propertyPath: m_AnchoredPosition.y
      value: 0
      objectReference: {fileID: 0}
    - target: {fileID: 7829158013004044357, guid: 47760a394c2e4954e8f6868755735e39,
        type: 3}
      propertyPath: m_SizeDelta.x
      value: 60
      objectReference: {fileID: 0}
    - target: {fileID: 7829158013004044357, guid: 47760a394c2e4954e8f6868755735e39,
        type: 3}
      propertyPath: m_SizeDelta.y
      value: 60
      objectReference: {fileID: 0}
    - target: {fileID: 7829158013004044357, guid: 47760a394c2e4954e8f6868755735e39,
        type: 3}
      propertyPath: m_AnchorMin.x
      value: 0
      objectReference: {fileID: 0}
    - target: {fileID: 7829158013004044357, guid: 47760a394c2e4954e8f6868755735e39,
        type: 3}
      propertyPath: m_AnchorMin.y
      value: 0
      objectReference: {fileID: 0}
    - target: {fileID: 7829158013004044357, guid: 47760a394c2e4954e8f6868755735e39,
        type: 3}
      propertyPath: m_AnchorMax.x
      value: 0
      objectReference: {fileID: 0}
    - target: {fileID: 7829158013004044357, guid: 47760a394c2e4954e8f6868755735e39,
        type: 3}
      propertyPath: m_AnchorMax.y
      value: 0
      objectReference: {fileID: 0}
    - target: {fileID: 7829158013004044357, guid: 47760a394c2e4954e8f6868755735e39,
        type: 3}
      propertyPath: m_Pivot.x
      value: 0.5
      objectReference: {fileID: 0}
    - target: {fileID: 7829158013004044357, guid: 47760a394c2e4954e8f6868755735e39,
        type: 3}
      propertyPath: m_Pivot.y
      value: 0.5
      objectReference: {fileID: 0}
    m_RemovedComponents: []
  m_SourcePrefab: {fileID: 100100000, guid: 47760a394c2e4954e8f6868755735e39, type: 3}
--- !u!224 &7721922089165479491 stripped
RectTransform:
  m_CorrespondingSourceObject: {fileID: 7829158013004044357, guid: 47760a394c2e4954e8f6868755735e39,
    type: 3}
  m_PrefabInstance: {fileID: 544661231801271814}
  m_PrefabAsset: {fileID: 0}
--- !u!1001 &2544252655165902062
PrefabInstance:
  m_ObjectHideFlags: 0
  serializedVersion: 2
  m_Modification:
    m_TransformParent: {fileID: 6045217947154775224}
    m_Modifications:
    - target: {fileID: 1860851341816307430, guid: 47760a394c2e4954e8f6868755735e39,
        type: 3}
      propertyPath: m_Name
      value: ReturnButton
      objectReference: {fileID: 0}
    - target: {fileID: 2175655030898776866, guid: 47760a394c2e4954e8f6868755735e39,
        type: 3}
      propertyPath: m_Texture
      value: 
      objectReference: {fileID: 2800000, guid: aed608982ffa64d49ad1c1e6ba80e841, type: 3}
    - target: {fileID: 5139185953417035893, guid: 47760a394c2e4954e8f6868755735e39,
        type: 3}
      propertyPath: m_SizeDelta.x
      value: 53
      objectReference: {fileID: 0}
    - target: {fileID: 5139185953417035893, guid: 47760a394c2e4954e8f6868755735e39,
        type: 3}
      propertyPath: m_SizeDelta.y
      value: 42
      objectReference: {fileID: 0}
    - target: {fileID: 7829158013004044357, guid: 47760a394c2e4954e8f6868755735e39,
        type: 3}
      propertyPath: m_LocalPosition.x
      value: 0
      objectReference: {fileID: 0}
    - target: {fileID: 7829158013004044357, guid: 47760a394c2e4954e8f6868755735e39,
        type: 3}
      propertyPath: m_LocalPosition.y
      value: 0
      objectReference: {fileID: 0}
    - target: {fileID: 7829158013004044357, guid: 47760a394c2e4954e8f6868755735e39,
        type: 3}
      propertyPath: m_LocalPosition.z
      value: 0
      objectReference: {fileID: 0}
    - target: {fileID: 7829158013004044357, guid: 47760a394c2e4954e8f6868755735e39,
        type: 3}
      propertyPath: m_LocalRotation.x
      value: -0
      objectReference: {fileID: 0}
    - target: {fileID: 7829158013004044357, guid: 47760a394c2e4954e8f6868755735e39,
        type: 3}
      propertyPath: m_LocalRotation.y
      value: -0
      objectReference: {fileID: 0}
    - target: {fileID: 7829158013004044357, guid: 47760a394c2e4954e8f6868755735e39,
        type: 3}
      propertyPath: m_LocalRotation.z
      value: -0
      objectReference: {fileID: 0}
    - target: {fileID: 7829158013004044357, guid: 47760a394c2e4954e8f6868755735e39,
        type: 3}
      propertyPath: m_LocalRotation.w
      value: 1
      objectReference: {fileID: 0}
    - target: {fileID: 7829158013004044357, guid: 47760a394c2e4954e8f6868755735e39,
        type: 3}
      propertyPath: m_RootOrder
      value: 0
      objectReference: {fileID: 0}
    - target: {fileID: 7829158013004044357, guid: 47760a394c2e4954e8f6868755735e39,
        type: 3}
      propertyPath: m_LocalEulerAnglesHint.x
      value: 0
      objectReference: {fileID: 0}
    - target: {fileID: 7829158013004044357, guid: 47760a394c2e4954e8f6868755735e39,
        type: 3}
      propertyPath: m_LocalEulerAnglesHint.y
      value: 0
      objectReference: {fileID: 0}
    - target: {fileID: 7829158013004044357, guid: 47760a394c2e4954e8f6868755735e39,
        type: 3}
      propertyPath: m_LocalEulerAnglesHint.z
      value: 0
      objectReference: {fileID: 0}
    - target: {fileID: 7829158013004044357, guid: 47760a394c2e4954e8f6868755735e39,
        type: 3}
      propertyPath: m_AnchoredPosition.x
      value: 0
      objectReference: {fileID: 0}
    - target: {fileID: 7829158013004044357, guid: 47760a394c2e4954e8f6868755735e39,
        type: 3}
      propertyPath: m_AnchoredPosition.y
      value: 0
      objectReference: {fileID: 0}
    - target: {fileID: 7829158013004044357, guid: 47760a394c2e4954e8f6868755735e39,
        type: 3}
      propertyPath: m_SizeDelta.x
      value: 60
      objectReference: {fileID: 0}
    - target: {fileID: 7829158013004044357, guid: 47760a394c2e4954e8f6868755735e39,
        type: 3}
      propertyPath: m_SizeDelta.y
      value: 60
      objectReference: {fileID: 0}
    - target: {fileID: 7829158013004044357, guid: 47760a394c2e4954e8f6868755735e39,
        type: 3}
      propertyPath: m_AnchorMin.x
      value: 0
      objectReference: {fileID: 0}
    - target: {fileID: 7829158013004044357, guid: 47760a394c2e4954e8f6868755735e39,
        type: 3}
      propertyPath: m_AnchorMin.y
      value: 0
      objectReference: {fileID: 0}
    - target: {fileID: 7829158013004044357, guid: 47760a394c2e4954e8f6868755735e39,
        type: 3}
      propertyPath: m_AnchorMax.x
      value: 0
      objectReference: {fileID: 0}
    - target: {fileID: 7829158013004044357, guid: 47760a394c2e4954e8f6868755735e39,
        type: 3}
      propertyPath: m_AnchorMax.y
      value: 0
      objectReference: {fileID: 0}
    - target: {fileID: 7829158013004044357, guid: 47760a394c2e4954e8f6868755735e39,
        type: 3}
      propertyPath: m_Pivot.x
      value: 0.5
      objectReference: {fileID: 0}
    - target: {fileID: 7829158013004044357, guid: 47760a394c2e4954e8f6868755735e39,
        type: 3}
      propertyPath: m_Pivot.y
      value: 0.5
      objectReference: {fileID: 0}
    m_RemovedComponents: []
  m_SourcePrefab: {fileID: 100100000, guid: 47760a394c2e4954e8f6868755735e39, type: 3}
--- !u!224 &5758346853317891243 stripped
RectTransform:
  m_CorrespondingSourceObject: {fileID: 7829158013004044357, guid: 47760a394c2e4954e8f6868755735e39,
    type: 3}
  m_PrefabInstance: {fileID: 2544252655165902062}
  m_PrefabAsset: {fileID: 0}
--- !u!1001 &3160181700437985111
PrefabInstance:
  m_ObjectHideFlags: 0
  serializedVersion: 2
  m_Modification:
    m_TransformParent: {fileID: 7873652609326979003}
    m_Modifications:
    - target: {fileID: 1860851341816307430, guid: 47760a394c2e4954e8f6868755735e39,
        type: 3}
      propertyPath: m_Name
      value: ItemButton1
      objectReference: {fileID: 0}
    - target: {fileID: 2175655030898776866, guid: 47760a394c2e4954e8f6868755735e39,
        type: 3}
      propertyPath: m_Texture
      value: 
      objectReference: {fileID: 2800000, guid: 3ecdb70e8a1ce474aa22a83c5371c745, type: 3}
    - target: {fileID: 5139185953417035893, guid: 47760a394c2e4954e8f6868755735e39,
        type: 3}
      propertyPath: m_SizeDelta.x
      value: 50
      objectReference: {fileID: 0}
    - target: {fileID: 5139185953417035893, guid: 47760a394c2e4954e8f6868755735e39,
        type: 3}
      propertyPath: m_SizeDelta.y
      value: 50
      objectReference: {fileID: 0}
    - target: {fileID: 7829158013004044357, guid: 47760a394c2e4954e8f6868755735e39,
        type: 3}
      propertyPath: m_LocalPosition.x
      value: 0
      objectReference: {fileID: 0}
    - target: {fileID: 7829158013004044357, guid: 47760a394c2e4954e8f6868755735e39,
        type: 3}
      propertyPath: m_LocalPosition.y
      value: 0
      objectReference: {fileID: 0}
    - target: {fileID: 7829158013004044357, guid: 47760a394c2e4954e8f6868755735e39,
        type: 3}
      propertyPath: m_LocalPosition.z
      value: -10
      objectReference: {fileID: 0}
    - target: {fileID: 7829158013004044357, guid: 47760a394c2e4954e8f6868755735e39,
        type: 3}
      propertyPath: m_LocalRotation.x
      value: -0
      objectReference: {fileID: 0}
    - target: {fileID: 7829158013004044357, guid: 47760a394c2e4954e8f6868755735e39,
        type: 3}
      propertyPath: m_LocalRotation.y
      value: -0
      objectReference: {fileID: 0}
    - target: {fileID: 7829158013004044357, guid: 47760a394c2e4954e8f6868755735e39,
        type: 3}
      propertyPath: m_LocalRotation.z
      value: -0
      objectReference: {fileID: 0}
    - target: {fileID: 7829158013004044357, guid: 47760a394c2e4954e8f6868755735e39,
        type: 3}
      propertyPath: m_LocalRotation.w
      value: 1
      objectReference: {fileID: 0}
    - target: {fileID: 7829158013004044357, guid: 47760a394c2e4954e8f6868755735e39,
        type: 3}
      propertyPath: m_RootOrder
      value: 0
      objectReference: {fileID: 0}
    - target: {fileID: 7829158013004044357, guid: 47760a394c2e4954e8f6868755735e39,
        type: 3}
      propertyPath: m_LocalEulerAnglesHint.x
      value: 0
      objectReference: {fileID: 0}
    - target: {fileID: 7829158013004044357, guid: 47760a394c2e4954e8f6868755735e39,
        type: 3}
      propertyPath: m_LocalEulerAnglesHint.y
      value: 0
      objectReference: {fileID: 0}
    - target: {fileID: 7829158013004044357, guid: 47760a394c2e4954e8f6868755735e39,
        type: 3}
      propertyPath: m_LocalEulerAnglesHint.z
      value: 0
      objectReference: {fileID: 0}
    - target: {fileID: 7829158013004044357, guid: 47760a394c2e4954e8f6868755735e39,
        type: 3}
      propertyPath: m_AnchoredPosition.x
      value: 0
      objectReference: {fileID: 0}
    - target: {fileID: 7829158013004044357, guid: 47760a394c2e4954e8f6868755735e39,
        type: 3}
      propertyPath: m_AnchoredPosition.y
      value: 0
      objectReference: {fileID: 0}
    - target: {fileID: 7829158013004044357, guid: 47760a394c2e4954e8f6868755735e39,
        type: 3}
      propertyPath: m_SizeDelta.x
      value: 80
      objectReference: {fileID: 0}
    - target: {fileID: 7829158013004044357, guid: 47760a394c2e4954e8f6868755735e39,
        type: 3}
      propertyPath: m_SizeDelta.y
      value: 80
      objectReference: {fileID: 0}
    - target: {fileID: 7829158013004044357, guid: 47760a394c2e4954e8f6868755735e39,
        type: 3}
      propertyPath: m_AnchorMin.x
      value: 0
      objectReference: {fileID: 0}
    - target: {fileID: 7829158013004044357, guid: 47760a394c2e4954e8f6868755735e39,
        type: 3}
      propertyPath: m_AnchorMin.y
      value: 0
      objectReference: {fileID: 0}
    - target: {fileID: 7829158013004044357, guid: 47760a394c2e4954e8f6868755735e39,
        type: 3}
      propertyPath: m_AnchorMax.x
      value: 0
      objectReference: {fileID: 0}
    - target: {fileID: 7829158013004044357, guid: 47760a394c2e4954e8f6868755735e39,
        type: 3}
      propertyPath: m_AnchorMax.y
      value: 0
      objectReference: {fileID: 0}
    - target: {fileID: 7829158013004044357, guid: 47760a394c2e4954e8f6868755735e39,
        type: 3}
      propertyPath: m_Pivot.x
      value: 0.5
      objectReference: {fileID: 0}
    - target: {fileID: 7829158013004044357, guid: 47760a394c2e4954e8f6868755735e39,
        type: 3}
      propertyPath: m_Pivot.y
      value: 0.5
      objectReference: {fileID: 0}
    m_RemovedComponents: []
  m_SourcePrefab: {fileID: 100100000, guid: 47760a394c2e4954e8f6868755735e39, type: 3}
--- !u!224 &5151547567960071954 stripped
RectTransform:
  m_CorrespondingSourceObject: {fileID: 7829158013004044357, guid: 47760a394c2e4954e8f6868755735e39,
    type: 3}
  m_PrefabInstance: {fileID: 3160181700437985111}
  m_PrefabAsset: {fileID: 0}
--- !u!1001 &3166393952376280923
PrefabInstance:
  m_ObjectHideFlags: 0
  serializedVersion: 2
  m_Modification:
    m_TransformParent: {fileID: 7873652609476200159}
    m_Modifications:
    - target: {fileID: 1860851341816307430, guid: 47760a394c2e4954e8f6868755735e39,
        type: 3}
      propertyPath: m_Name
      value: placeButton
      objectReference: {fileID: 0}
    - target: {fileID: 2175655030898776866, guid: 47760a394c2e4954e8f6868755735e39,
        type: 3}
      propertyPath: m_Texture
      value: 
      objectReference: {fileID: 2800000, guid: 75a5a2c16ec9f4136a41561265ac4d52, type: 3}
    - target: {fileID: 5139185953417035893, guid: 47760a394c2e4954e8f6868755735e39,
        type: 3}
      propertyPath: m_SizeDelta.y
      value: 109
      objectReference: {fileID: 0}
    - target: {fileID: 5139185953417035893, guid: 47760a394c2e4954e8f6868755735e39,
        type: 3}
      propertyPath: m_SizeDelta.x
      value: 573
      objectReference: {fileID: 0}
    - target: {fileID: 5139185953417035893, guid: 47760a394c2e4954e8f6868755735e39,
        type: 3}
      propertyPath: m_AnchorMin.x
      value: 0
      objectReference: {fileID: 0}
    - target: {fileID: 5139185953417035893, guid: 47760a394c2e4954e8f6868755735e39,
        type: 3}
      propertyPath: m_AnchorMax.x
      value: 0
      objectReference: {fileID: 0}
    - target: {fileID: 5139185953417035893, guid: 47760a394c2e4954e8f6868755735e39,
        type: 3}
      propertyPath: m_AnchoredPosition.x
      value: 78.8591
      objectReference: {fileID: 0}
    - target: {fileID: 5139185953417035893, guid: 47760a394c2e4954e8f6868755735e39,
        type: 3}
      propertyPath: m_AnchorMin.y
      value: 1
      objectReference: {fileID: 0}
    - target: {fileID: 5139185953417035893, guid: 47760a394c2e4954e8f6868755735e39,
        type: 3}
      propertyPath: m_AnchorMax.y
      value: 1
      objectReference: {fileID: 0}
    - target: {fileID: 5139185953417035893, guid: 47760a394c2e4954e8f6868755735e39,
        type: 3}
      propertyPath: m_AnchoredPosition.y
      value: -80
      objectReference: {fileID: 0}
    - target: {fileID: 7829158013004044357, guid: 47760a394c2e4954e8f6868755735e39,
        type: 3}
      propertyPath: m_LocalPosition.x
      value: 0
      objectReference: {fileID: 0}
    - target: {fileID: 7829158013004044357, guid: 47760a394c2e4954e8f6868755735e39,
        type: 3}
      propertyPath: m_LocalPosition.y
      value: 0
      objectReference: {fileID: 0}
    - target: {fileID: 7829158013004044357, guid: 47760a394c2e4954e8f6868755735e39,
        type: 3}
      propertyPath: m_LocalPosition.z
      value: 0
      objectReference: {fileID: 0}
    - target: {fileID: 7829158013004044357, guid: 47760a394c2e4954e8f6868755735e39,
        type: 3}
      propertyPath: m_LocalRotation.x
      value: 0
      objectReference: {fileID: 0}
    - target: {fileID: 7829158013004044357, guid: 47760a394c2e4954e8f6868755735e39,
        type: 3}
      propertyPath: m_LocalRotation.y
      value: 0
      objectReference: {fileID: 0}
    - target: {fileID: 7829158013004044357, guid: 47760a394c2e4954e8f6868755735e39,
        type: 3}
      propertyPath: m_LocalRotation.z
      value: 0
      objectReference: {fileID: 0}
    - target: {fileID: 7829158013004044357, guid: 47760a394c2e4954e8f6868755735e39,
        type: 3}
      propertyPath: m_LocalRotation.w
      value: 1
      objectReference: {fileID: 0}
    - target: {fileID: 7829158013004044357, guid: 47760a394c2e4954e8f6868755735e39,
        type: 3}
      propertyPath: m_RootOrder
      value: 0
      objectReference: {fileID: 0}
    - target: {fileID: 7829158013004044357, guid: 47760a394c2e4954e8f6868755735e39,
        type: 3}
      propertyPath: m_LocalEulerAnglesHint.x
      value: 0
      objectReference: {fileID: 0}
    - target: {fileID: 7829158013004044357, guid: 47760a394c2e4954e8f6868755735e39,
        type: 3}
      propertyPath: m_LocalEulerAnglesHint.y
      value: 0
      objectReference: {fileID: 0}
    - target: {fileID: 7829158013004044357, guid: 47760a394c2e4954e8f6868755735e39,
        type: 3}
      propertyPath: m_LocalEulerAnglesHint.z
      value: 0
      objectReference: {fileID: 0}
    - target: {fileID: 7829158013004044357, guid: 47760a394c2e4954e8f6868755735e39,
        type: 3}
      propertyPath: m_AnchoredPosition.x
      value: 126
      objectReference: {fileID: 0}
    - target: {fileID: 7829158013004044357, guid: 47760a394c2e4954e8f6868755735e39,
        type: 3}
      propertyPath: m_AnchoredPosition.y
      value: -15
      objectReference: {fileID: 0}
    - target: {fileID: 7829158013004044357, guid: 47760a394c2e4954e8f6868755735e39,
        type: 3}
      propertyPath: m_SizeDelta.x
      value: 160
      objectReference: {fileID: 0}
    - target: {fileID: 7829158013004044357, guid: 47760a394c2e4954e8f6868755735e39,
        type: 3}
      propertyPath: m_SizeDelta.y
      value: 160
      objectReference: {fileID: 0}
    - target: {fileID: 7829158013004044357, guid: 47760a394c2e4954e8f6868755735e39,
        type: 3}
      propertyPath: m_AnchorMin.x
      value: 0
      objectReference: {fileID: 0}
    - target: {fileID: 7829158013004044357, guid: 47760a394c2e4954e8f6868755735e39,
        type: 3}
      propertyPath: m_AnchorMin.y
      value: 1
      objectReference: {fileID: 0}
    - target: {fileID: 7829158013004044357, guid: 47760a394c2e4954e8f6868755735e39,
        type: 3}
      propertyPath: m_AnchorMax.x
      value: 0
      objectReference: {fileID: 0}
    - target: {fileID: 7829158013004044357, guid: 47760a394c2e4954e8f6868755735e39,
        type: 3}
      propertyPath: m_AnchorMax.y
      value: 1
      objectReference: {fileID: 0}
    - target: {fileID: 7829158013004044357, guid: 47760a394c2e4954e8f6868755735e39,
        type: 3}
      propertyPath: m_Pivot.x
      value: 0.5
      objectReference: {fileID: 0}
    - target: {fileID: 7829158013004044357, guid: 47760a394c2e4954e8f6868755735e39,
        type: 3}
      propertyPath: m_Pivot.y
      value: 0.5
      objectReference: {fileID: 0}
    m_RemovedComponents: []
  m_SourcePrefab: {fileID: 100100000, guid: 47760a394c2e4954e8f6868755735e39, type: 3}
--- !u!224 &5140730600517734174 stripped
RectTransform:
  m_CorrespondingSourceObject: {fileID: 7829158013004044357, guid: 47760a394c2e4954e8f6868755735e39,
    type: 3}
  m_PrefabInstance: {fileID: 3166393952376280923}
  m_PrefabAsset: {fileID: 0}
--- !u!1001 &3989723252510807522
PrefabInstance:
  m_ObjectHideFlags: 0
  serializedVersion: 2
  m_Modification:
    m_TransformParent: {fileID: 6045217947154775224}
    m_Modifications:
    - target: {fileID: 1860851341816307430, guid: 47760a394c2e4954e8f6868755735e39,
        type: 3}
      propertyPath: m_Name
      value: ResetButton
      objectReference: {fileID: 0}
    - target: {fileID: 2175655030898776866, guid: 47760a394c2e4954e8f6868755735e39,
        type: 3}
      propertyPath: m_Texture
      value: 
      objectReference: {fileID: 2800000, guid: 1f4c59cba2f0b4a5a8dc03dfa1d07115, type: 3}
    - target: {fileID: 5139185953417035893, guid: 47760a394c2e4954e8f6868755735e39,
        type: 3}
      propertyPath: m_SizeDelta.x
      value: 53
      objectReference: {fileID: 0}
    - target: {fileID: 5139185953417035893, guid: 47760a394c2e4954e8f6868755735e39,
        type: 3}
      propertyPath: m_SizeDelta.y
      value: 42
      objectReference: {fileID: 0}
    - target: {fileID: 7829158013004044357, guid: 47760a394c2e4954e8f6868755735e39,
        type: 3}
      propertyPath: m_LocalPosition.x
      value: 0
      objectReference: {fileID: 0}
    - target: {fileID: 7829158013004044357, guid: 47760a394c2e4954e8f6868755735e39,
        type: 3}
      propertyPath: m_LocalPosition.y
      value: 0
      objectReference: {fileID: 0}
    - target: {fileID: 7829158013004044357, guid: 47760a394c2e4954e8f6868755735e39,
        type: 3}
      propertyPath: m_LocalPosition.z
      value: 0
      objectReference: {fileID: 0}
    - target: {fileID: 7829158013004044357, guid: 47760a394c2e4954e8f6868755735e39,
        type: 3}
      propertyPath: m_LocalRotation.x
      value: 0
      objectReference: {fileID: 0}
    - target: {fileID: 7829158013004044357, guid: 47760a394c2e4954e8f6868755735e39,
        type: 3}
      propertyPath: m_LocalRotation.y
      value: 0
      objectReference: {fileID: 0}
    - target: {fileID: 7829158013004044357, guid: 47760a394c2e4954e8f6868755735e39,
        type: 3}
      propertyPath: m_LocalRotation.z
      value: 0
      objectReference: {fileID: 0}
    - target: {fileID: 7829158013004044357, guid: 47760a394c2e4954e8f6868755735e39,
        type: 3}
      propertyPath: m_LocalRotation.w
      value: 1
      objectReference: {fileID: 0}
    - target: {fileID: 7829158013004044357, guid: 47760a394c2e4954e8f6868755735e39,
        type: 3}
      propertyPath: m_RootOrder
      value: 1
      objectReference: {fileID: 0}
    - target: {fileID: 7829158013004044357, guid: 47760a394c2e4954e8f6868755735e39,
        type: 3}
      propertyPath: m_LocalEulerAnglesHint.x
      value: 0
      objectReference: {fileID: 0}
    - target: {fileID: 7829158013004044357, guid: 47760a394c2e4954e8f6868755735e39,
        type: 3}
      propertyPath: m_LocalEulerAnglesHint.y
      value: 0
      objectReference: {fileID: 0}
    - target: {fileID: 7829158013004044357, guid: 47760a394c2e4954e8f6868755735e39,
        type: 3}
      propertyPath: m_LocalEulerAnglesHint.z
      value: 0
      objectReference: {fileID: 0}
    - target: {fileID: 7829158013004044357, guid: 47760a394c2e4954e8f6868755735e39,
        type: 3}
      propertyPath: m_AnchoredPosition.x
      value: 0
      objectReference: {fileID: 0}
    - target: {fileID: 7829158013004044357, guid: 47760a394c2e4954e8f6868755735e39,
        type: 3}
      propertyPath: m_AnchoredPosition.y
      value: 0
      objectReference: {fileID: 0}
    - target: {fileID: 7829158013004044357, guid: 47760a394c2e4954e8f6868755735e39,
        type: 3}
      propertyPath: m_SizeDelta.x
      value: 60
      objectReference: {fileID: 0}
    - target: {fileID: 7829158013004044357, guid: 47760a394c2e4954e8f6868755735e39,
        type: 3}
      propertyPath: m_SizeDelta.y
      value: 60
      objectReference: {fileID: 0}
    - target: {fileID: 7829158013004044357, guid: 47760a394c2e4954e8f6868755735e39,
        type: 3}
      propertyPath: m_AnchorMin.x
      value: 0
      objectReference: {fileID: 0}
    - target: {fileID: 7829158013004044357, guid: 47760a394c2e4954e8f6868755735e39,
        type: 3}
      propertyPath: m_AnchorMin.y
      value: 0
      objectReference: {fileID: 0}
    - target: {fileID: 7829158013004044357, guid: 47760a394c2e4954e8f6868755735e39,
        type: 3}
      propertyPath: m_AnchorMax.x
      value: 0
      objectReference: {fileID: 0}
    - target: {fileID: 7829158013004044357, guid: 47760a394c2e4954e8f6868755735e39,
        type: 3}
      propertyPath: m_AnchorMax.y
      value: 0
      objectReference: {fileID: 0}
    - target: {fileID: 7829158013004044357, guid: 47760a394c2e4954e8f6868755735e39,
        type: 3}
      propertyPath: m_Pivot.x
      value: 0.5
      objectReference: {fileID: 0}
    - target: {fileID: 7829158013004044357, guid: 47760a394c2e4954e8f6868755735e39,
        type: 3}
      propertyPath: m_Pivot.y
      value: 0.5
      objectReference: {fileID: 0}
    m_RemovedComponents: []
  m_SourcePrefab: {fileID: 100100000, guid: 47760a394c2e4954e8f6868755735e39, type: 3}
--- !u!224 &6627215710689398183 stripped
RectTransform:
  m_CorrespondingSourceObject: {fileID: 7829158013004044357, guid: 47760a394c2e4954e8f6868755735e39,
    type: 3}
  m_PrefabInstance: {fileID: 3989723252510807522}
  m_PrefabAsset: {fileID: 0}
--- !u!1001 &4612905150238307258
PrefabInstance:
  m_ObjectHideFlags: 0
  serializedVersion: 2
  m_Modification:
    m_TransformParent: {fileID: 7873652607951688928}
    m_Modifications:
    - target: {fileID: 1860851341816307430, guid: 47760a394c2e4954e8f6868755735e39,
        type: 3}
      propertyPath: m_Name
      value: NewGameButton
      objectReference: {fileID: 0}
    - target: {fileID: 2175655030898776866, guid: 47760a394c2e4954e8f6868755735e39,
        type: 3}
      propertyPath: m_Texture
      value: 
      objectReference: {fileID: 2800000, guid: e4e6cf19824d44f8d8fd4cec49a3a21c, type: 3}
    - target: {fileID: 5139185953417035893, guid: 47760a394c2e4954e8f6868755735e39,
        type: 3}
      propertyPath: m_SizeDelta.x
      value: 112.76
      objectReference: {fileID: 0}
    - target: {fileID: 5139185953417035893, guid: 47760a394c2e4954e8f6868755735e39,
        type: 3}
      propertyPath: m_SizeDelta.y
      value: 36.63
      objectReference: {fileID: 0}
    - target: {fileID: 7829158013004044357, guid: 47760a394c2e4954e8f6868755735e39,
        type: 3}
      propertyPath: m_LocalPosition.x
      value: 0
      objectReference: {fileID: 0}
    - target: {fileID: 7829158013004044357, guid: 47760a394c2e4954e8f6868755735e39,
        type: 3}
      propertyPath: m_LocalPosition.y
      value: 0
      objectReference: {fileID: 0}
    - target: {fileID: 7829158013004044357, guid: 47760a394c2e4954e8f6868755735e39,
        type: 3}
      propertyPath: m_LocalPosition.z
      value: 0
      objectReference: {fileID: 0}
    - target: {fileID: 7829158013004044357, guid: 47760a394c2e4954e8f6868755735e39,
        type: 3}
      propertyPath: m_LocalRotation.x
      value: 0
      objectReference: {fileID: 0}
    - target: {fileID: 7829158013004044357, guid: 47760a394c2e4954e8f6868755735e39,
        type: 3}
      propertyPath: m_LocalRotation.y
      value: 0
      objectReference: {fileID: 0}
    - target: {fileID: 7829158013004044357, guid: 47760a394c2e4954e8f6868755735e39,
        type: 3}
      propertyPath: m_LocalRotation.z
      value: 0
      objectReference: {fileID: 0}
    - target: {fileID: 7829158013004044357, guid: 47760a394c2e4954e8f6868755735e39,
        type: 3}
      propertyPath: m_LocalRotation.w
      value: 1
      objectReference: {fileID: 0}
    - target: {fileID: 7829158013004044357, guid: 47760a394c2e4954e8f6868755735e39,
        type: 3}
      propertyPath: m_RootOrder
      value: 3
      objectReference: {fileID: 0}
    - target: {fileID: 7829158013004044357, guid: 47760a394c2e4954e8f6868755735e39,
        type: 3}
      propertyPath: m_LocalEulerAnglesHint.x
      value: 0
      objectReference: {fileID: 0}
    - target: {fileID: 7829158013004044357, guid: 47760a394c2e4954e8f6868755735e39,
        type: 3}
      propertyPath: m_LocalEulerAnglesHint.y
      value: 0
      objectReference: {fileID: 0}
    - target: {fileID: 7829158013004044357, guid: 47760a394c2e4954e8f6868755735e39,
        type: 3}
      propertyPath: m_LocalEulerAnglesHint.z
      value: 0
      objectReference: {fileID: 0}
    - target: {fileID: 7829158013004044357, guid: 47760a394c2e4954e8f6868755735e39,
        type: 3}
      propertyPath: m_AnchoredPosition.x
      value: 150
      objectReference: {fileID: 0}
    - target: {fileID: 7829158013004044357, guid: 47760a394c2e4954e8f6868755735e39,
        type: 3}
      propertyPath: m_AnchoredPosition.y
      value: 379
      objectReference: {fileID: 0}
    - target: {fileID: 7829158013004044357, guid: 47760a394c2e4954e8f6868755735e39,
        type: 3}
      propertyPath: m_SizeDelta.x
      value: 113
      objectReference: {fileID: 0}
    - target: {fileID: 7829158013004044357, guid: 47760a394c2e4954e8f6868755735e39,
        type: 3}
      propertyPath: m_SizeDelta.y
      value: 40
      objectReference: {fileID: 0}
    - target: {fileID: 7829158013004044357, guid: 47760a394c2e4954e8f6868755735e39,
        type: 3}
      propertyPath: m_AnchorMin.x
      value: 0
      objectReference: {fileID: 0}
    - target: {fileID: 7829158013004044357, guid: 47760a394c2e4954e8f6868755735e39,
        type: 3}
      propertyPath: m_AnchorMin.y
      value: 0
      objectReference: {fileID: 0}
    - target: {fileID: 7829158013004044357, guid: 47760a394c2e4954e8f6868755735e39,
        type: 3}
      propertyPath: m_AnchorMax.x
      value: 0
      objectReference: {fileID: 0}
    - target: {fileID: 7829158013004044357, guid: 47760a394c2e4954e8f6868755735e39,
        type: 3}
      propertyPath: m_AnchorMax.y
      value: 0
      objectReference: {fileID: 0}
    - target: {fileID: 7829158013004044357, guid: 47760a394c2e4954e8f6868755735e39,
        type: 3}
      propertyPath: m_Pivot.x
      value: 0.5
      objectReference: {fileID: 0}
    - target: {fileID: 7829158013004044357, guid: 47760a394c2e4954e8f6868755735e39,
        type: 3}
      propertyPath: m_Pivot.y
      value: 0.5
      objectReference: {fileID: 0}
    m_RemovedComponents: []
  m_SourcePrefab: {fileID: 100100000, guid: 47760a394c2e4954e8f6868755735e39, type: 3}
--- !u!224 &3216297393524075519 stripped
RectTransform:
  m_CorrespondingSourceObject: {fileID: 7829158013004044357, guid: 47760a394c2e4954e8f6868755735e39,
    type: 3}
  m_PrefabInstance: {fileID: 4612905150238307258}
  m_PrefabAsset: {fileID: 0}
--- !u!1001 &5435326555629772141
PrefabInstance:
  m_ObjectHideFlags: 0
  serializedVersion: 2
  m_Modification:
    m_TransformParent: {fileID: 7873652607951688928}
    m_Modifications:
    - target: {fileID: 1860851341816307430, guid: 47760a394c2e4954e8f6868755735e39,
        type: 3}
      propertyPath: m_Name
      value: CollectionButton
      objectReference: {fileID: 0}
    - target: {fileID: 2175655030898776866, guid: 47760a394c2e4954e8f6868755735e39,
        type: 3}
      propertyPath: m_Texture
      value: 
      objectReference: {fileID: 2800000, guid: fe1b5cb8b79b04264a9f6c12a43c899f, type: 3}
    - target: {fileID: 5139185953417035893, guid: 47760a394c2e4954e8f6868755735e39,
        type: 3}
      propertyPath: m_SizeDelta.x
      value: 112.76
      objectReference: {fileID: 0}
    - target: {fileID: 5139185953417035893, guid: 47760a394c2e4954e8f6868755735e39,
        type: 3}
      propertyPath: m_SizeDelta.y
      value: 36.63
      objectReference: {fileID: 0}
    - target: {fileID: 7829158013004044357, guid: 47760a394c2e4954e8f6868755735e39,
        type: 3}
      propertyPath: m_LocalPosition.x
      value: 0
      objectReference: {fileID: 0}
    - target: {fileID: 7829158013004044357, guid: 47760a394c2e4954e8f6868755735e39,
        type: 3}
      propertyPath: m_LocalPosition.y
      value: 0
      objectReference: {fileID: 0}
    - target: {fileID: 7829158013004044357, guid: 47760a394c2e4954e8f6868755735e39,
        type: 3}
      propertyPath: m_LocalPosition.z
      value: 0
      objectReference: {fileID: 0}
    - target: {fileID: 7829158013004044357, guid: 47760a394c2e4954e8f6868755735e39,
        type: 3}
      propertyPath: m_LocalRotation.x
      value: 0
      objectReference: {fileID: 0}
    - target: {fileID: 7829158013004044357, guid: 47760a394c2e4954e8f6868755735e39,
        type: 3}
      propertyPath: m_LocalRotation.y
      value: 0
      objectReference: {fileID: 0}
    - target: {fileID: 7829158013004044357, guid: 47760a394c2e4954e8f6868755735e39,
        type: 3}
      propertyPath: m_LocalRotation.z
      value: 0
      objectReference: {fileID: 0}
    - target: {fileID: 7829158013004044357, guid: 47760a394c2e4954e8f6868755735e39,
        type: 3}
      propertyPath: m_LocalRotation.w
      value: 1
      objectReference: {fileID: 0}
    - target: {fileID: 7829158013004044357, guid: 47760a394c2e4954e8f6868755735e39,
        type: 3}
      propertyPath: m_RootOrder
      value: 2
      objectReference: {fileID: 0}
    - target: {fileID: 7829158013004044357, guid: 47760a394c2e4954e8f6868755735e39,
        type: 3}
      propertyPath: m_LocalEulerAnglesHint.x
      value: 0
      objectReference: {fileID: 0}
    - target: {fileID: 7829158013004044357, guid: 47760a394c2e4954e8f6868755735e39,
        type: 3}
      propertyPath: m_LocalEulerAnglesHint.y
      value: 0
      objectReference: {fileID: 0}
    - target: {fileID: 7829158013004044357, guid: 47760a394c2e4954e8f6868755735e39,
        type: 3}
      propertyPath: m_LocalEulerAnglesHint.z
      value: 0
      objectReference: {fileID: 0}
    - target: {fileID: 7829158013004044357, guid: 47760a394c2e4954e8f6868755735e39,
        type: 3}
      propertyPath: m_AnchoredPosition.x
      value: 150
      objectReference: {fileID: 0}
    - target: {fileID: 7829158013004044357, guid: 47760a394c2e4954e8f6868755735e39,
        type: 3}
      propertyPath: m_AnchoredPosition.y
      value: 259
      objectReference: {fileID: 0}
    - target: {fileID: 7829158013004044357, guid: 47760a394c2e4954e8f6868755735e39,
        type: 3}
      propertyPath: m_SizeDelta.x
      value: 113
      objectReference: {fileID: 0}
    - target: {fileID: 7829158013004044357, guid: 47760a394c2e4954e8f6868755735e39,
        type: 3}
      propertyPath: m_SizeDelta.y
      value: 40
      objectReference: {fileID: 0}
    - target: {fileID: 7829158013004044357, guid: 47760a394c2e4954e8f6868755735e39,
        type: 3}
      propertyPath: m_AnchorMin.x
      value: 0
      objectReference: {fileID: 0}
    - target: {fileID: 7829158013004044357, guid: 47760a394c2e4954e8f6868755735e39,
        type: 3}
      propertyPath: m_AnchorMin.y
      value: 0
      objectReference: {fileID: 0}
    - target: {fileID: 7829158013004044357, guid: 47760a394c2e4954e8f6868755735e39,
        type: 3}
      propertyPath: m_AnchorMax.x
      value: 0
      objectReference: {fileID: 0}
    - target: {fileID: 7829158013004044357, guid: 47760a394c2e4954e8f6868755735e39,
        type: 3}
      propertyPath: m_AnchorMax.y
      value: 0
      objectReference: {fileID: 0}
    - target: {fileID: 7829158013004044357, guid: 47760a394c2e4954e8f6868755735e39,
        type: 3}
      propertyPath: m_Pivot.x
      value: 0.5
      objectReference: {fileID: 0}
    - target: {fileID: 7829158013004044357, guid: 47760a394c2e4954e8f6868755735e39,
        type: 3}
      propertyPath: m_Pivot.y
      value: 0.5
      objectReference: {fileID: 0}
    m_RemovedComponents: []
  m_SourcePrefab: {fileID: 100100000, guid: 47760a394c2e4954e8f6868755735e39, type: 3}
--- !u!224 &2866797413539841320 stripped
RectTransform:
  m_CorrespondingSourceObject: {fileID: 7829158013004044357, guid: 47760a394c2e4954e8f6868755735e39,
    type: 3}
  m_PrefabInstance: {fileID: 5435326555629772141}
  m_PrefabAsset: {fileID: 0}
--- !u!1001 &5513484203084083099
PrefabInstance:
  m_ObjectHideFlags: 0
  serializedVersion: 2
  m_Modification:
    m_TransformParent: {fileID: 7873652607951688928}
    m_Modifications:
    - target: {fileID: 1860851341816307430, guid: 47760a394c2e4954e8f6868755735e39,
        type: 3}
      propertyPath: m_Name
      value: LevelSelectionButton
      objectReference: {fileID: 0}
    - target: {fileID: 2175655030898776866, guid: 47760a394c2e4954e8f6868755735e39,
        type: 3}
      propertyPath: m_Texture
      value: 
      objectReference: {fileID: 2800000, guid: 0f4c703ab177b45a291ff2a21b699c06, type: 3}
    - target: {fileID: 5139185953417035893, guid: 47760a394c2e4954e8f6868755735e39,
        type: 3}
      propertyPath: m_SizeDelta.x
      value: 112.76
      objectReference: {fileID: 0}
    - target: {fileID: 5139185953417035893, guid: 47760a394c2e4954e8f6868755735e39,
        type: 3}
      propertyPath: m_SizeDelta.y
      value: 36.63
      objectReference: {fileID: 0}
    - target: {fileID: 7829158013004044357, guid: 47760a394c2e4954e8f6868755735e39,
        type: 3}
      propertyPath: m_LocalPosition.x
      value: 0
      objectReference: {fileID: 0}
    - target: {fileID: 7829158013004044357, guid: 47760a394c2e4954e8f6868755735e39,
        type: 3}
      propertyPath: m_LocalPosition.y
      value: 0
      objectReference: {fileID: 0}
    - target: {fileID: 7829158013004044357, guid: 47760a394c2e4954e8f6868755735e39,
        type: 3}
      propertyPath: m_LocalPosition.z
      value: 0
      objectReference: {fileID: 0}
    - target: {fileID: 7829158013004044357, guid: 47760a394c2e4954e8f6868755735e39,
        type: 3}
      propertyPath: m_LocalRotation.x
      value: 0
      objectReference: {fileID: 0}
    - target: {fileID: 7829158013004044357, guid: 47760a394c2e4954e8f6868755735e39,
        type: 3}
      propertyPath: m_LocalRotation.y
      value: 0
      objectReference: {fileID: 0}
    - target: {fileID: 7829158013004044357, guid: 47760a394c2e4954e8f6868755735e39,
        type: 3}
      propertyPath: m_LocalRotation.z
      value: 0
      objectReference: {fileID: 0}
    - target: {fileID: 7829158013004044357, guid: 47760a394c2e4954e8f6868755735e39,
        type: 3}
      propertyPath: m_LocalRotation.w
      value: 1
      objectReference: {fileID: 0}
    - target: {fileID: 7829158013004044357, guid: 47760a394c2e4954e8f6868755735e39,
        type: 3}
      propertyPath: m_RootOrder
      value: 1
      objectReference: {fileID: 0}
    - target: {fileID: 7829158013004044357, guid: 47760a394c2e4954e8f6868755735e39,
        type: 3}
      propertyPath: m_LocalEulerAnglesHint.x
      value: 0
      objectReference: {fileID: 0}
    - target: {fileID: 7829158013004044357, guid: 47760a394c2e4954e8f6868755735e39,
        type: 3}
      propertyPath: m_LocalEulerAnglesHint.y
      value: 0
      objectReference: {fileID: 0}
    - target: {fileID: 7829158013004044357, guid: 47760a394c2e4954e8f6868755735e39,
        type: 3}
      propertyPath: m_LocalEulerAnglesHint.z
      value: 0
      objectReference: {fileID: 0}
    - target: {fileID: 7829158013004044357, guid: 47760a394c2e4954e8f6868755735e39,
        type: 3}
      propertyPath: m_AnchoredPosition.x
      value: 150
      objectReference: {fileID: 0}
    - target: {fileID: 7829158013004044357, guid: 47760a394c2e4954e8f6868755735e39,
        type: 3}
      propertyPath: m_AnchoredPosition.y
      value: 319
      objectReference: {fileID: 0}
    - target: {fileID: 7829158013004044357, guid: 47760a394c2e4954e8f6868755735e39,
        type: 3}
      propertyPath: m_SizeDelta.x
      value: 113
      objectReference: {fileID: 0}
    - target: {fileID: 7829158013004044357, guid: 47760a394c2e4954e8f6868755735e39,
        type: 3}
      propertyPath: m_SizeDelta.y
      value: 40
      objectReference: {fileID: 0}
    - target: {fileID: 7829158013004044357, guid: 47760a394c2e4954e8f6868755735e39,
        type: 3}
      propertyPath: m_AnchorMin.x
      value: 0
      objectReference: {fileID: 0}
    - target: {fileID: 7829158013004044357, guid: 47760a394c2e4954e8f6868755735e39,
        type: 3}
      propertyPath: m_AnchorMin.y
      value: 0
      objectReference: {fileID: 0}
    - target: {fileID: 7829158013004044357, guid: 47760a394c2e4954e8f6868755735e39,
        type: 3}
      propertyPath: m_AnchorMax.x
      value: 0
      objectReference: {fileID: 0}
    - target: {fileID: 7829158013004044357, guid: 47760a394c2e4954e8f6868755735e39,
        type: 3}
      propertyPath: m_AnchorMax.y
      value: 0
      objectReference: {fileID: 0}
    - target: {fileID: 7829158013004044357, guid: 47760a394c2e4954e8f6868755735e39,
        type: 3}
      propertyPath: m_Pivot.x
      value: 0.5
      objectReference: {fileID: 0}
    - target: {fileID: 7829158013004044357, guid: 47760a394c2e4954e8f6868755735e39,
        type: 3}
      propertyPath: m_Pivot.y
      value: 0.5
      objectReference: {fileID: 0}
    m_RemovedComponents: []
  m_SourcePrefab: {fileID: 100100000, guid: 47760a394c2e4954e8f6868755735e39, type: 3}
--- !u!224 &2316280744635250654 stripped
RectTransform:
  m_CorrespondingSourceObject: {fileID: 7829158013004044357, guid: 47760a394c2e4954e8f6868755735e39,
    type: 3}
  m_PrefabInstance: {fileID: 5513484203084083099}
  m_PrefabAsset: {fileID: 0}
--- !u!1001 &7134528498641499023
PrefabInstance:
  m_ObjectHideFlags: 0
  serializedVersion: 2
  m_Modification:
    m_TransformParent: {fileID: 7873652609326979003}
    m_Modifications:
    - target: {fileID: 1860851341816307430, guid: 47760a394c2e4954e8f6868755735e39,
        type: 3}
      propertyPath: m_Name
      value: ItemButton3
      objectReference: {fileID: 0}
    - target: {fileID: 2175655030898776866, guid: 47760a394c2e4954e8f6868755735e39,
        type: 3}
      propertyPath: m_Texture
      value: 
      objectReference: {fileID: 2800000, guid: b5990d9d6b1584981ad139bbad548313, type: 3}
    - target: {fileID: 5139185953417035893, guid: 47760a394c2e4954e8f6868755735e39,
        type: 3}
      propertyPath: m_SizeDelta.x
      value: 50
      objectReference: {fileID: 0}
    - target: {fileID: 5139185953417035893, guid: 47760a394c2e4954e8f6868755735e39,
        type: 3}
      propertyPath: m_SizeDelta.y
      value: 50
      objectReference: {fileID: 0}
    - target: {fileID: 7829158013004044357, guid: 47760a394c2e4954e8f6868755735e39,
        type: 3}
      propertyPath: m_LocalPosition.x
      value: 0
      objectReference: {fileID: 0}
    - target: {fileID: 7829158013004044357, guid: 47760a394c2e4954e8f6868755735e39,
        type: 3}
      propertyPath: m_LocalPosition.y
      value: 0
      objectReference: {fileID: 0}
    - target: {fileID: 7829158013004044357, guid: 47760a394c2e4954e8f6868755735e39,
        type: 3}
      propertyPath: m_LocalPosition.z
      value: 0
      objectReference: {fileID: 0}
    - target: {fileID: 7829158013004044357, guid: 47760a394c2e4954e8f6868755735e39,
        type: 3}
      propertyPath: m_LocalRotation.x
      value: 0
      objectReference: {fileID: 0}
    - target: {fileID: 7829158013004044357, guid: 47760a394c2e4954e8f6868755735e39,
        type: 3}
      propertyPath: m_LocalRotation.y
      value: 0
      objectReference: {fileID: 0}
    - target: {fileID: 7829158013004044357, guid: 47760a394c2e4954e8f6868755735e39,
        type: 3}
      propertyPath: m_LocalRotation.z
      value: 0
      objectReference: {fileID: 0}
    - target: {fileID: 7829158013004044357, guid: 47760a394c2e4954e8f6868755735e39,
        type: 3}
      propertyPath: m_LocalRotation.w
      value: 1
      objectReference: {fileID: 0}
    - target: {fileID: 7829158013004044357, guid: 47760a394c2e4954e8f6868755735e39,
        type: 3}
      propertyPath: m_RootOrder
      value: 2
      objectReference: {fileID: 0}
    - target: {fileID: 7829158013004044357, guid: 47760a394c2e4954e8f6868755735e39,
        type: 3}
      propertyPath: m_LocalEulerAnglesHint.x
      value: 0
      objectReference: {fileID: 0}
    - target: {fileID: 7829158013004044357, guid: 47760a394c2e4954e8f6868755735e39,
        type: 3}
      propertyPath: m_LocalEulerAnglesHint.y
      value: 0
      objectReference: {fileID: 0}
    - target: {fileID: 7829158013004044357, guid: 47760a394c2e4954e8f6868755735e39,
        type: 3}
      propertyPath: m_LocalEulerAnglesHint.z
      value: 0
      objectReference: {fileID: 0}
    - target: {fileID: 7829158013004044357, guid: 47760a394c2e4954e8f6868755735e39,
        type: 3}
      propertyPath: m_AnchoredPosition.x
      value: 0
      objectReference: {fileID: 0}
    - target: {fileID: 7829158013004044357, guid: 47760a394c2e4954e8f6868755735e39,
        type: 3}
      propertyPath: m_AnchoredPosition.y
      value: 0
      objectReference: {fileID: 0}
    - target: {fileID: 7829158013004044357, guid: 47760a394c2e4954e8f6868755735e39,
        type: 3}
      propertyPath: m_SizeDelta.x
      value: 80
      objectReference: {fileID: 0}
    - target: {fileID: 7829158013004044357, guid: 47760a394c2e4954e8f6868755735e39,
        type: 3}
      propertyPath: m_SizeDelta.y
      value: 80
      objectReference: {fileID: 0}
    - target: {fileID: 7829158013004044357, guid: 47760a394c2e4954e8f6868755735e39,
        type: 3}
      propertyPath: m_AnchorMin.x
      value: 0
      objectReference: {fileID: 0}
    - target: {fileID: 7829158013004044357, guid: 47760a394c2e4954e8f6868755735e39,
        type: 3}
      propertyPath: m_AnchorMin.y
      value: 0
      objectReference: {fileID: 0}
    - target: {fileID: 7829158013004044357, guid: 47760a394c2e4954e8f6868755735e39,
        type: 3}
      propertyPath: m_AnchorMax.x
      value: 0
      objectReference: {fileID: 0}
    - target: {fileID: 7829158013004044357, guid: 47760a394c2e4954e8f6868755735e39,
        type: 3}
      propertyPath: m_AnchorMax.y
      value: 0
      objectReference: {fileID: 0}
    - target: {fileID: 7829158013004044357, guid: 47760a394c2e4954e8f6868755735e39,
        type: 3}
      propertyPath: m_Pivot.x
      value: 0.5
      objectReference: {fileID: 0}
    - target: {fileID: 7829158013004044357, guid: 47760a394c2e4954e8f6868755735e39,
        type: 3}
      propertyPath: m_Pivot.y
      value: 0.5
      objectReference: {fileID: 0}
    m_RemovedComponents: []
  m_SourcePrefab: {fileID: 100100000, guid: 47760a394c2e4954e8f6868755735e39, type: 3}
--- !u!224 &1127076822084692938 stripped
RectTransform:
  m_CorrespondingSourceObject: {fileID: 7829158013004044357, guid: 47760a394c2e4954e8f6868755735e39,
    type: 3}
  m_PrefabInstance: {fileID: 7134528498641499023}
  m_PrefabAsset: {fileID: 0}
--- !u!1001 &7525035099728132109
PrefabInstance:
  m_ObjectHideFlags: 0
  serializedVersion: 2
  m_Modification:
    m_TransformParent: {fileID: 7873652609326979003}
    m_Modifications:
    - target: {fileID: 1860851341816307430, guid: 47760a394c2e4954e8f6868755735e39,
        type: 3}
      propertyPath: m_Name
      value: ItemButton2
      objectReference: {fileID: 0}
    - target: {fileID: 2175655030898776866, guid: 47760a394c2e4954e8f6868755735e39,
        type: 3}
      propertyPath: m_Texture
      value: 
      objectReference: {fileID: 2800000, guid: 96161cb78adba49cfb7e5259e3099355, type: 3}
    - target: {fileID: 5139185953417035893, guid: 47760a394c2e4954e8f6868755735e39,
        type: 3}
      propertyPath: m_SizeDelta.x
      value: 50
      objectReference: {fileID: 0}
    - target: {fileID: 5139185953417035893, guid: 47760a394c2e4954e8f6868755735e39,
        type: 3}
      propertyPath: m_SizeDelta.y
      value: 50
      objectReference: {fileID: 0}
    - target: {fileID: 7829158013004044357, guid: 47760a394c2e4954e8f6868755735e39,
        type: 3}
      propertyPath: m_LocalPosition.x
      value: 0
      objectReference: {fileID: 0}
    - target: {fileID: 7829158013004044357, guid: 47760a394c2e4954e8f6868755735e39,
        type: 3}
      propertyPath: m_LocalPosition.y
      value: 0
      objectReference: {fileID: 0}
    - target: {fileID: 7829158013004044357, guid: 47760a394c2e4954e8f6868755735e39,
        type: 3}
      propertyPath: m_LocalPosition.z
      value: 0
      objectReference: {fileID: 0}
    - target: {fileID: 7829158013004044357, guid: 47760a394c2e4954e8f6868755735e39,
        type: 3}
      propertyPath: m_LocalRotation.x
      value: 0
      objectReference: {fileID: 0}
    - target: {fileID: 7829158013004044357, guid: 47760a394c2e4954e8f6868755735e39,
        type: 3}
      propertyPath: m_LocalRotation.y
      value: 0
      objectReference: {fileID: 0}
    - target: {fileID: 7829158013004044357, guid: 47760a394c2e4954e8f6868755735e39,
        type: 3}
      propertyPath: m_LocalRotation.z
      value: 0
      objectReference: {fileID: 0}
    - target: {fileID: 7829158013004044357, guid: 47760a394c2e4954e8f6868755735e39,
        type: 3}
      propertyPath: m_LocalRotation.w
      value: 1
      objectReference: {fileID: 0}
    - target: {fileID: 7829158013004044357, guid: 47760a394c2e4954e8f6868755735e39,
        type: 3}
      propertyPath: m_RootOrder
      value: 1
      objectReference: {fileID: 0}
    - target: {fileID: 7829158013004044357, guid: 47760a394c2e4954e8f6868755735e39,
        type: 3}
      propertyPath: m_LocalEulerAnglesHint.x
      value: 0
      objectReference: {fileID: 0}
    - target: {fileID: 7829158013004044357, guid: 47760a394c2e4954e8f6868755735e39,
        type: 3}
      propertyPath: m_LocalEulerAnglesHint.y
      value: 0
      objectReference: {fileID: 0}
    - target: {fileID: 7829158013004044357, guid: 47760a394c2e4954e8f6868755735e39,
        type: 3}
      propertyPath: m_LocalEulerAnglesHint.z
      value: 0
      objectReference: {fileID: 0}
    - target: {fileID: 7829158013004044357, guid: 47760a394c2e4954e8f6868755735e39,
        type: 3}
      propertyPath: m_AnchoredPosition.x
      value: 0
      objectReference: {fileID: 0}
    - target: {fileID: 7829158013004044357, guid: 47760a394c2e4954e8f6868755735e39,
        type: 3}
      propertyPath: m_AnchoredPosition.y
      value: 0
      objectReference: {fileID: 0}
    - target: {fileID: 7829158013004044357, guid: 47760a394c2e4954e8f6868755735e39,
        type: 3}
      propertyPath: m_SizeDelta.x
      value: 80
      objectReference: {fileID: 0}
    - target: {fileID: 7829158013004044357, guid: 47760a394c2e4954e8f6868755735e39,
        type: 3}
      propertyPath: m_SizeDelta.y
      value: 80
      objectReference: {fileID: 0}
    - target: {fileID: 7829158013004044357, guid: 47760a394c2e4954e8f6868755735e39,
        type: 3}
      propertyPath: m_AnchorMin.x
      value: 0
      objectReference: {fileID: 0}
    - target: {fileID: 7829158013004044357, guid: 47760a394c2e4954e8f6868755735e39,
        type: 3}
      propertyPath: m_AnchorMin.y
      value: 0
      objectReference: {fileID: 0}
    - target: {fileID: 7829158013004044357, guid: 47760a394c2e4954e8f6868755735e39,
        type: 3}
      propertyPath: m_AnchorMax.x
      value: 0
      objectReference: {fileID: 0}
    - target: {fileID: 7829158013004044357, guid: 47760a394c2e4954e8f6868755735e39,
        type: 3}
      propertyPath: m_AnchorMax.y
      value: 0
      objectReference: {fileID: 0}
    - target: {fileID: 7829158013004044357, guid: 47760a394c2e4954e8f6868755735e39,
        type: 3}
      propertyPath: m_Pivot.x
      value: 0.5
      objectReference: {fileID: 0}
    - target: {fileID: 7829158013004044357, guid: 47760a394c2e4954e8f6868755735e39,
        type: 3}
      propertyPath: m_Pivot.y
      value: 0.5
      objectReference: {fileID: 0}
    m_RemovedComponents: []
  m_SourcePrefab: {fileID: 100100000, guid: 47760a394c2e4954e8f6868755735e39, type: 3}
--- !u!224 &344677338814242888 stripped
RectTransform:
  m_CorrespondingSourceObject: {fileID: 7829158013004044357, guid: 47760a394c2e4954e8f6868755735e39,
    type: 3}
  m_PrefabInstance: {fileID: 7525035099728132109}
  m_PrefabAsset: {fileID: 0}
