%YAML 1.1
%TAG !u! tag:unity3d.com,2011:
--- !u!29 &1
OcclusionCullingSettings:
  m_ObjectHideFlags: 0
  serializedVersion: 2
  m_OcclusionBakeSettings:
    smallestOccluder: 5
    smallestHole: 0.25
    backfaceThreshold: 100
  m_SceneGUID: 00000000000000000000000000000000
  m_OcclusionCullingData: {fileID: 0}
--- !u!104 &2
RenderSettings:
  m_ObjectHideFlags: 0
  serializedVersion: 9
  m_Fog: 0
  m_FogColor: {r: 0.5, g: 0.5, b: 0.5, a: 1}
  m_FogMode: 3
  m_FogDensity: 0.01
  m_LinearFogStart: 0
  m_LinearFogEnd: 300
  m_AmbientSkyColor: {r: 0.212, g: 0.227, b: 0.259, a: 1}
  m_AmbientEquatorColor: {r: 0.114, g: 0.125, b: 0.133, a: 1}
  m_AmbientGroundColor: {r: 0.047, g: 0.043, b: 0.035, a: 1}
  m_AmbientIntensity: 1
  m_AmbientMode: 0
  m_SubtractiveShadowColor: {r: 0.42, g: 0.478, b: 0.627, a: 1}
  m_SkyboxMaterial: {fileID: 10304, guid: 0000000000000000f000000000000000, type: 0}
  m_HaloStrength: 0.5
  m_FlareStrength: 1
  m_FlareFadeSpeed: 3
  m_HaloTexture: {fileID: 0}
  m_SpotCookie: {fileID: 10001, guid: 0000000000000000e000000000000000, type: 0}
  m_DefaultReflectionMode: 0
  m_DefaultReflectionResolution: 128
  m_ReflectionBounces: 1
  m_ReflectionIntensity: 1
  m_CustomReflection: {fileID: 0}
  m_Sun: {fileID: 705507994}
  m_IndirectSpecularColor: {r: 0.44657838, g: 0.49641234, b: 0.57481676, a: 1}
  m_UseRadianceAmbientProbe: 0
--- !u!157 &3
LightmapSettings:
  m_ObjectHideFlags: 0
  serializedVersion: 11
  m_GIWorkflowMode: 0
  m_GISettings:
    serializedVersion: 2
    m_BounceScale: 1
    m_IndirectOutputScale: 1
    m_AlbedoBoost: 1
    m_EnvironmentLightingMode: 0
    m_EnableBakedLightmaps: 1
    m_EnableRealtimeLightmaps: 0
  m_LightmapEditorSettings:
    serializedVersion: 12
    m_Resolution: 2
    m_BakeResolution: 40
    m_AtlasSize: 1024
    m_AO: 0
    m_AOMaxDistance: 1
    m_CompAOExponent: 1
    m_CompAOExponentDirect: 0
    m_ExtractAmbientOcclusion: 0
    m_Padding: 2
    m_LightmapParameters: {fileID: 0}
    m_LightmapsBakeMode: 1
    m_TextureCompression: 1
    m_FinalGather: 0
    m_FinalGatherFiltering: 1
    m_FinalGatherRayCount: 256
    m_ReflectionCompression: 2
    m_MixedBakeMode: 2
    m_BakeBackend: 1
    m_PVRSampling: 1
    m_PVRDirectSampleCount: 32
    m_PVRSampleCount: 500
    m_PVRBounces: 2
    m_PVREnvironmentSampleCount: 500
    m_PVREnvironmentReferencePointCount: 2048
    m_PVRFilteringMode: 2
    m_PVRDenoiserTypeDirect: 0
    m_PVRDenoiserTypeIndirect: 0
    m_PVRDenoiserTypeAO: 0
    m_PVRFilterTypeDirect: 0
    m_PVRFilterTypeIndirect: 0
    m_PVRFilterTypeAO: 0
    m_PVREnvironmentMIS: 0
    m_PVRCulling: 1
    m_PVRFilteringGaussRadiusDirect: 1
    m_PVRFilteringGaussRadiusIndirect: 5
    m_PVRFilteringGaussRadiusAO: 2
    m_PVRFilteringAtrousPositionSigmaDirect: 0.5
    m_PVRFilteringAtrousPositionSigmaIndirect: 2
    m_PVRFilteringAtrousPositionSigmaAO: 1
    m_ExportTrainingData: 0
    m_TrainingDataDestination: TrainingData
    m_LightProbeSampleCountMultiplier: 4
  m_LightingDataAsset: {fileID: 0}
  m_UseShadowmask: 1
--- !u!196 &4
NavMeshSettings:
  serializedVersion: 2
  m_ObjectHideFlags: 0
  m_BuildSettings:
    serializedVersion: 2
    agentTypeID: 0
    agentRadius: 0.5
    agentHeight: 2
    agentSlope: 45
    agentClimb: 0.4
    ledgeDropHeight: 0
    maxJumpAcrossDistance: 0
    minRegionArea: 2
    manualCellSize: 0
    cellSize: 0.16666667
    manualTileSize: 0
    tileSize: 256
    accuratePlacement: 0
    debug:
      m_Flags: 0
  m_NavMeshData: {fileID: 0}
--- !u!1 &175240092 stripped
GameObject:
  m_CorrespondingSourceObject: {fileID: 7545619492636960985, guid: 7c1d4aefaf4109648bcf8f453882d27f,
    type: 3}
  m_PrefabInstance: {fileID: 1974564894958532466}
  m_PrefabAsset: {fileID: 0}
--- !u!114 &175240097
MonoBehaviour:
  m_ObjectHideFlags: 0
  m_CorrespondingSourceObject: {fileID: 0}
  m_PrefabInstance: {fileID: 0}
  m_PrefabAsset: {fileID: 0}
  m_GameObject: {fileID: 175240092}
  m_Enabled: 1
  m_EditorHideFlags: 0
  m_Script: {fileID: 11500000, guid: 87f6ef9116d5ea64f9b7b3d1af555b29, type: 3}
  m_Name: 
  m_EditorClassIdentifier: 
  button: {fileID: 175240092}
  childObject: {fileID: 1917643788}
--- !u!1 &394310638
GameObject:
  m_ObjectHideFlags: 0
  m_CorrespondingSourceObject: {fileID: 0}
  m_PrefabInstance: {fileID: 0}
  m_PrefabAsset: {fileID: 0}
  serializedVersion: 6
  m_Component:
  - component: {fileID: 394310639}
  - component: {fileID: 394310640}
  - component: {fileID: 394310641}
  m_Layer: 2
  m_Name: GameSession
  m_TagString: Untagged
  m_Icon: {fileID: 0}
  m_NavMeshLayer: 0
  m_StaticEditorFlags: 0
  m_IsActive: 1
--- !u!4 &394310639
Transform:
  m_ObjectHideFlags: 0
  m_CorrespondingSourceObject: {fileID: 0}
  m_PrefabInstance: {fileID: 0}
  m_PrefabAsset: {fileID: 0}
  m_GameObject: {fileID: 394310638}
  m_LocalRotation: {x: 0, y: 0, z: 0, w: 1}
  m_LocalPosition: {x: 0, y: 0, z: 0}
  m_LocalScale: {x: 1, y: 1, z: 1}
  m_Children: []
  m_Father: {fileID: 0}
  m_RootOrder: 1
  m_LocalEulerAnglesHint: {x: 0, y: 0, z: 0}
--- !u!114 &394310640
MonoBehaviour:
  m_ObjectHideFlags: 0
  m_CorrespondingSourceObject: {fileID: 0}
  m_PrefabInstance: {fileID: 0}
  m_PrefabAsset: {fileID: 0}
  m_GameObject: {fileID: 394310638}
  m_Enabled: 1
  m_EditorHideFlags: 0
  m_Script: {fileID: 11500000, guid: 2d3a205f57022ac4dac5efe81daec290, type: 3}
  m_Name: 
  m_EditorClassIdentifier: 
  maxLevel: 6
--- !u!114 &394310641
MonoBehaviour:
  m_ObjectHideFlags: 0
  m_CorrespondingSourceObject: {fileID: 0}
  m_PrefabInstance: {fileID: 0}
  m_PrefabAsset: {fileID: 0}
  m_GameObject: {fileID: 394310638}
  m_Enabled: 1
  m_EditorHideFlags: 0
  m_Script: {fileID: 11500000, guid: ab333ab394e0b374598473eae48526af, type: 3}
  m_Name: 
  m_EditorClassIdentifier: 
--- !u!1 &705507993
GameObject:
  m_ObjectHideFlags: 0
  m_CorrespondingSourceObject: {fileID: 0}
  m_PrefabInstance: {fileID: 0}
  m_PrefabAsset: {fileID: 0}
  serializedVersion: 6
  m_Component:
  - component: {fileID: 705507995}
  - component: {fileID: 705507994}
  m_Layer: 0
  m_Name: Directional Light
  m_TagString: Untagged
  m_Icon: {fileID: 0}
  m_NavMeshLayer: 0
  m_StaticEditorFlags: 0
  m_IsActive: 1
--- !u!108 &705507994
Light:
  m_ObjectHideFlags: 0
  m_CorrespondingSourceObject: {fileID: 0}
  m_PrefabInstance: {fileID: 0}
  m_PrefabAsset: {fileID: 0}
  m_GameObject: {fileID: 705507993}
  m_Enabled: 1
  serializedVersion: 10
  m_Type: 1
  m_Shape: 0
  m_Color: {r: 1, g: 0.95686275, b: 0.8392157, a: 1}
  m_Intensity: 1
  m_Range: 10
  m_SpotAngle: 30
  m_InnerSpotAngle: 21.80208
  m_CookieSize: 10
  m_Shadows:
    m_Type: 2
    m_Resolution: -1
    m_CustomResolution: -1
    m_Strength: 1
    m_Bias: 0.05
    m_NormalBias: 0.4
    m_NearPlane: 0.2
    m_CullingMatrixOverride:
      e00: 1
      e01: 0
      e02: 0
      e03: 0
      e10: 0
      e11: 1
      e12: 0
      e13: 0
      e20: 0
      e21: 0
      e22: 1
      e23: 0
      e30: 0
      e31: 0
      e32: 0
      e33: 1
    m_UseCullingMatrixOverride: 0
  m_Cookie: {fileID: 0}
  m_DrawHalo: 0
  m_Flare: {fileID: 0}
  m_RenderMode: 0
  m_CullingMask:
    serializedVersion: 2
    m_Bits: 4294967295
  m_RenderingLayerMask: 1
  m_Lightmapping: 1
  m_LightShadowCasterMode: 0
  m_AreaSize: {x: 1, y: 1}
  m_BounceIntensity: 1
  m_ColorTemperature: 6570
  m_UseColorTemperature: 0
  m_BoundingSphereOverride: {x: 8.66e-43, y: 3.5747e-41, z: 8.66e-43, w: 9.7652834e+10}
  m_UseBoundingSphereOverride: 0
  m_ShadowRadius: 0
  m_ShadowAngle: 0
--- !u!4 &705507995
Transform:
  m_ObjectHideFlags: 0
  m_CorrespondingSourceObject: {fileID: 0}
  m_PrefabInstance: {fileID: 0}
  m_PrefabAsset: {fileID: 0}
  m_GameObject: {fileID: 705507993}
  m_LocalRotation: {x: 0.40821788, y: -0.23456968, z: 0.10938163, w: 0.8754261}
  m_LocalPosition: {x: 4.97, y: 8.93, z: -9.84}
  m_LocalScale: {x: 1, y: 1, z: 1}
  m_Children: []
  m_Father: {fileID: 0}
  m_RootOrder: 0
  m_LocalEulerAnglesHint: {x: 50, y: -30, z: 0}
--- !u!1 &747754156 stripped
GameObject:
  m_CorrespondingSourceObject: {fileID: 5918931704146715738, guid: 2fc2c8279d3c03942bf7bc3bec86e527,
    type: 3}
  m_PrefabInstance: {fileID: 5918931703035184013}
  m_PrefabAsset: {fileID: 0}
--- !u!1 &749574804
GameObject:
  m_ObjectHideFlags: 0
  m_CorrespondingSourceObject: {fileID: 0}
  m_PrefabInstance: {fileID: 0}
  m_PrefabAsset: {fileID: 0}
  serializedVersion: 6
  m_Component:
  - component: {fileID: 749574808}
  - component: {fileID: 749574807}
  - component: {fileID: 749574806}
  - component: {fileID: 749574805}
  m_Layer: 14
  m_Name: EditorTestFloor
  m_TagString: Untagged
  m_Icon: {fileID: 0}
  m_NavMeshLayer: 0
  m_StaticEditorFlags: 0
  m_IsActive: 1
--- !u!65 &749574805
BoxCollider:
  m_ObjectHideFlags: 0
  m_CorrespondingSourceObject: {fileID: 0}
  m_PrefabInstance: {fileID: 0}
  m_PrefabAsset: {fileID: 0}
  m_GameObject: {fileID: 749574804}
  m_Material: {fileID: 0}
  m_IsTrigger: 0
  m_Enabled: 1
  serializedVersion: 2
  m_Size: {x: 1, y: 1, z: 1}
  m_Center: {x: 0, y: 0, z: 0}
--- !u!23 &749574806
MeshRenderer:
  m_ObjectHideFlags: 0
  m_CorrespondingSourceObject: {fileID: 0}
  m_PrefabInstance: {fileID: 0}
  m_PrefabAsset: {fileID: 0}
  m_GameObject: {fileID: 749574804}
  m_Enabled: 1
  m_CastShadows: 1
  m_ReceiveShadows: 1
  m_DynamicOccludee: 1
  m_MotionVectors: 1
  m_LightProbeUsage: 1
  m_ReflectionProbeUsage: 1
  m_RayTracingMode: 2
  m_RenderingLayerMask: 1
  m_RendererPriority: 0
  m_Materials:
  - {fileID: 2100000, guid: d519b86af6f74784491fb28affac7508, type: 2}
  m_StaticBatchInfo:
    firstSubMesh: 0
    subMeshCount: 0
  m_StaticBatchRoot: {fileID: 0}
  m_ProbeAnchor: {fileID: 0}
  m_LightProbeVolumeOverride: {fileID: 0}
  m_ScaleInLightmap: 1
  m_ReceiveGI: 1
  m_PreserveUVs: 0
  m_IgnoreNormalsForChartDetection: 0
  m_ImportantGI: 0
  m_StitchLightmapSeams: 1
  m_SelectedEditorRenderState: 3
  m_MinimumChartSize: 4
  m_AutoUVMaxDistance: 0.5
  m_AutoUVMaxAngle: 89
  m_LightmapParameters: {fileID: 0}
  m_SortingLayerID: 0
  m_SortingLayer: 0
  m_SortingOrder: 0
--- !u!33 &749574807
MeshFilter:
  m_ObjectHideFlags: 0
  m_CorrespondingSourceObject: {fileID: 0}
  m_PrefabInstance: {fileID: 0}
  m_PrefabAsset: {fileID: 0}
  m_GameObject: {fileID: 749574804}
  m_Mesh: {fileID: 10202, guid: 0000000000000000e000000000000000, type: 0}
--- !u!4 &749574808
Transform:
  m_ObjectHideFlags: 0
  m_CorrespondingSourceObject: {fileID: 0}
  m_PrefabInstance: {fileID: 0}
  m_PrefabAsset: {fileID: 0}
  m_GameObject: {fileID: 749574804}
  m_LocalRotation: {x: 0, y: 0, z: 0, w: 1}
  m_LocalPosition: {x: 0, y: 0, z: 0}
  m_LocalScale: {x: 20, y: 0.01, z: 20}
  m_Children: []
  m_Father: {fileID: 0}
  m_RootOrder: 5
  m_LocalEulerAnglesHint: {x: 0, y: 0, z: 0}
--- !u!1 &761601393
GameObject:
  m_ObjectHideFlags: 0
  m_CorrespondingSourceObject: {fileID: 0}
  m_PrefabInstance: {fileID: 0}
  m_PrefabAsset: {fileID: 0}
  serializedVersion: 6
  m_Component:
  - component: {fileID: 761601398}
  - component: {fileID: 761601394}
  - component: {fileID: 761601397}
  - component: {fileID: 761601396}
  - component: {fileID: 761601395}
  m_Layer: 2
  m_Name: AR Camera
  m_TagString: MainCamera
  m_Icon: {fileID: 0}
  m_NavMeshLayer: 0
  m_StaticEditorFlags: 0
  m_IsActive: 1
--- !u!20 &761601394
Camera:
  m_ObjectHideFlags: 0
  m_CorrespondingSourceObject: {fileID: 0}
  m_PrefabInstance: {fileID: 0}
  m_PrefabAsset: {fileID: 0}
  m_GameObject: {fileID: 761601393}
  m_Enabled: 1
  serializedVersion: 2
  m_ClearFlags: 2
  m_BackGroundColor: {r: 0, g: 0, b: 0, a: 1}
  m_projectionMatrixMode: 1
  m_GateFitMode: 2
  m_FOVAxisMode: 0
  m_SensorSize: {x: 36, y: 24}
  m_LensShift: {x: 0, y: 0}
  m_FocalLength: 50
  m_NormalizedViewPortRect:
    serializedVersion: 2
    x: 0
    y: 0
    width: 1
    height: 1
  near clip plane: 0.1
  far clip plane: 20
  field of view: 60
  orthographic: 0
  orthographic size: 5
  m_Depth: 0
  m_CullingMask:
    serializedVersion: 2
    m_Bits: 4294967295
  m_RenderingPath: -1
  m_TargetTexture: {fileID: 0}
  m_TargetDisplay: 0
  m_TargetEye: 3
  m_HDR: 1
  m_AllowMSAA: 1
  m_AllowDynamicResolution: 0
  m_ForceIntoRT: 0
  m_OcclusionCulling: 1
  m_StereoConvergence: 10
  m_StereoSeparation: 0.022
--- !u!114 &761601395
MonoBehaviour:
  m_ObjectHideFlags: 0
  m_CorrespondingSourceObject: {fileID: 0}
  m_PrefabInstance: {fileID: 0}
  m_PrefabAsset: {fileID: 0}
  m_GameObject: {fileID: 761601393}
  m_Enabled: 1
  m_EditorHideFlags: 0
  m_Script: {fileID: 11500000, guid: 816b289ef451e094f9ae174fb4cf8db0, type: 3}
  m_Name: 
  m_EditorClassIdentifier: 
  m_UseCustomMaterial: 0
  m_CustomMaterial: {fileID: 0}
--- !u!114 &761601396
MonoBehaviour:
  m_ObjectHideFlags: 0
  m_CorrespondingSourceObject: {fileID: 0}
  m_PrefabInstance: {fileID: 0}
  m_PrefabAsset: {fileID: 0}
  m_GameObject: {fileID: 761601393}
  m_Enabled: 1
  m_EditorHideFlags: 0
  m_Script: {fileID: 11500000, guid: 4966719baa26e4b0e8231a24d9bd491a, type: 3}
  m_Name: 
  m_EditorClassIdentifier: 
  m_FocusMode: 1
  m_LightEstimationMode: 0
--- !u!114 &761601397
MonoBehaviour:
  m_ObjectHideFlags: 0
  m_CorrespondingSourceObject: {fileID: 0}
  m_PrefabInstance: {fileID: 0}
  m_PrefabAsset: {fileID: 0}
  m_GameObject: {fileID: 761601393}
  m_Enabled: 1
  m_EditorHideFlags: 0
  m_Script: {fileID: 11500000, guid: 5a2a9c34df4095f47b9ca8f975175f5b, type: 3}
  m_Name: 
  m_EditorClassIdentifier: 
  m_Device: 0
  m_PoseSource: 2
  m_PoseProviderComponent: {fileID: 0}
  m_TrackingType: 0
  m_UpdateType: 0
  m_UseRelativeTransform: 1
--- !u!4 &761601398
Transform:
  m_ObjectHideFlags: 0
  m_CorrespondingSourceObject: {fileID: 0}
  m_PrefabInstance: {fileID: 0}
  m_PrefabAsset: {fileID: 0}
  m_GameObject: {fileID: 761601393}
  m_LocalRotation: {x: -0, y: -0, z: -0, w: 1}
  m_LocalPosition: {x: 0, y: 0, z: 0}
  m_LocalScale: {x: 1, y: 1, z: 1}
  m_Children: []
  m_Father: {fileID: 1140182922}
  m_RootOrder: 0
  m_LocalEulerAnglesHint: {x: 0, y: 0, z: 0}
--- !u!224 &839448461 stripped
RectTransform:
  m_CorrespondingSourceObject: {fileID: 6428966076777570501, guid: 7c1d4aefaf4109648bcf8f453882d27f,
    type: 3}
  m_PrefabInstance: {fileID: 1974564894958532466}
  m_PrefabAsset: {fileID: 0}
--- !u!114 &889517293 stripped
MonoBehaviour:
  m_CorrespondingSourceObject: {fileID: 889517293, guid: 7c1d4aefaf4109648bcf8f453882d27f,
    type: 3}
  m_PrefabInstance: {fileID: 1974564894958532466}
  m_PrefabAsset: {fileID: 0}
  m_GameObject: {fileID: 0}
  m_Enabled: 1
  m_EditorHideFlags: 0
  m_Script: {fileID: 11500000, guid: 4092c23e42a1cb448ae933cafec4efb5, type: 3}
  m_Name: 
  m_EditorClassIdentifier: 
--- !u!1 &894652712
GameObject:
  m_ObjectHideFlags: 0
  m_CorrespondingSourceObject: {fileID: 0}
  m_PrefabInstance: {fileID: 0}
  m_PrefabAsset: {fileID: 0}
  serializedVersion: 6
  m_Component:
  - component: {fileID: 894652715}
  - component: {fileID: 894652714}
  - component: {fileID: 894652713}
  m_Layer: 0
  m_Name: EventSystem
  m_TagString: Untagged
  m_Icon: {fileID: 0}
  m_NavMeshLayer: 0
  m_StaticEditorFlags: 0
  m_IsActive: 1
--- !u!114 &894652713
MonoBehaviour:
  m_ObjectHideFlags: 0
  m_CorrespondingSourceObject: {fileID: 0}
  m_PrefabInstance: {fileID: 0}
  m_PrefabAsset: {fileID: 0}
  m_GameObject: {fileID: 894652712}
  m_Enabled: 1
  m_EditorHideFlags: 0
  m_Script: {fileID: 11500000, guid: 4f231c4fb786f3946a6b90b886c48677, type: 3}
  m_Name: 
  m_EditorClassIdentifier: 
  m_HorizontalAxis: Horizontal
  m_VerticalAxis: Vertical
  m_SubmitButton: Submit
  m_CancelButton: Cancel
  m_InputActionsPerSecond: 10
  m_RepeatDelay: 0.5
  m_ForceModuleActive: 0
--- !u!114 &894652714
MonoBehaviour:
  m_ObjectHideFlags: 0
  m_CorrespondingSourceObject: {fileID: 0}
  m_PrefabInstance: {fileID: 0}
  m_PrefabAsset: {fileID: 0}
  m_GameObject: {fileID: 894652712}
  m_Enabled: 1
  m_EditorHideFlags: 0
  m_Script: {fileID: 11500000, guid: 76c392e42b5098c458856cdf6ecaaaa1, type: 3}
  m_Name: 
  m_EditorClassIdentifier: 
  m_FirstSelected: {fileID: 0}
  m_sendNavigationEvents: 1
  m_DragThreshold: 10
--- !u!4 &894652715
Transform:
  m_ObjectHideFlags: 0
  m_CorrespondingSourceObject: {fileID: 0}
  m_PrefabInstance: {fileID: 0}
  m_PrefabAsset: {fileID: 0}
  m_GameObject: {fileID: 894652712}
  m_LocalRotation: {x: 0, y: 0, z: 0, w: 1}
  m_LocalPosition: {x: 0, y: 0, z: 0}
  m_LocalScale: {x: 1, y: 1, z: 1}
  m_Children: []
  m_Father: {fileID: 0}
  m_RootOrder: 4
  m_LocalEulerAnglesHint: {x: 0, y: 0, z: 0}
--- !u!1 &1140182920
GameObject:
  m_ObjectHideFlags: 0
  m_CorrespondingSourceObject: {fileID: 0}
  m_PrefabInstance: {fileID: 0}
  m_PrefabAsset: {fileID: 0}
  serializedVersion: 6
  m_Component:
  - component: {fileID: 1140182922}
  - component: {fileID: 1140182921}
  - component: {fileID: 1140182923}
  - component: {fileID: 1140182925}
  - component: {fileID: 1140182924}
  - component: {fileID: 1140182927}
  - component: {fileID: 1140182926}
  - component: {fileID: 1140182930}
  - component: {fileID: 1140182931}
  - component: {fileID: 1140182928}
  m_Layer: 2
  m_Name: AR Session Origin
  m_TagString: Untagged
  m_Icon: {fileID: 0}
  m_NavMeshLayer: 0
  m_StaticEditorFlags: 0
  m_IsActive: 1
--- !u!114 &1140182921
MonoBehaviour:
  m_ObjectHideFlags: 0
  m_CorrespondingSourceObject: {fileID: 0}
  m_PrefabInstance: {fileID: 0}
  m_PrefabAsset: {fileID: 0}
  m_GameObject: {fileID: 1140182920}
  m_Enabled: 1
  m_EditorHideFlags: 0
  m_Script: {fileID: 11500000, guid: 520bb47c46cf8624fafb307b7d1b862a, type: 3}
  m_Name: 
  m_EditorClassIdentifier: 
  m_Camera: {fileID: 761601394}
--- !u!4 &1140182922
Transform:
  m_ObjectHideFlags: 0
  m_CorrespondingSourceObject: {fileID: 0}
  m_PrefabInstance: {fileID: 0}
  m_PrefabAsset: {fileID: 0}
  m_GameObject: {fileID: 1140182920}
  m_LocalRotation: {x: 0, y: 0, z: 0, w: 1}
  m_LocalPosition: {x: 0, y: 0, z: 0}
  m_LocalScale: {x: 1, y: 1, z: 1}
  m_Children:
  - {fileID: 761601398}
  m_Father: {fileID: 0}
  m_RootOrder: 2
  m_LocalEulerAnglesHint: {x: 0, y: 0, z: 0}
--- !u!114 &1140182923
MonoBehaviour:
  m_ObjectHideFlags: 0
  m_CorrespondingSourceObject: {fileID: 0}
  m_PrefabInstance: {fileID: 0}
  m_PrefabAsset: {fileID: 0}
  m_GameObject: {fileID: 1140182920}
  m_Enabled: 1
  m_EditorHideFlags: 0
  m_Script: {fileID: 11500000, guid: e1760703bbd54c04488a8d10600262ab, type: 3}
  m_Name: 
  m_EditorClassIdentifier: 
  m_PlanePrefab: {fileID: 5450194386833059174, guid: e129e4177f100ae4ebf1c9317a0faae0,
    type: 3}
  m_DetectionMode: 1
--- !u!114 &1140182924
MonoBehaviour:
  m_ObjectHideFlags: 0
  m_CorrespondingSourceObject: {fileID: 0}
  m_PrefabInstance: {fileID: 0}
  m_PrefabAsset: {fileID: 0}
  m_GameObject: {fileID: 1140182920}
  m_Enabled: 1
  m_EditorHideFlags: 0
  m_Script: {fileID: 11500000, guid: 2f78f71f705c26a46a0e56735b4270d5, type: 3}
  m_Name: 
  m_EditorClassIdentifier: 
  m_TogglePlaneDetectionText: {fileID: 0}
--- !u!114 &1140182925
MonoBehaviour:
  m_ObjectHideFlags: 0
  m_CorrespondingSourceObject: {fileID: 0}
  m_PrefabInstance: {fileID: 0}
  m_PrefabAsset: {fileID: 0}
  m_GameObject: {fileID: 1140182920}
  m_Enabled: 1
  m_EditorHideFlags: 0
  m_Script: {fileID: 11500000, guid: fa17d122634046b4a8e23048891fafc5, type: 3}
  m_Name: 
  m_EditorClassIdentifier: 
--- !u!114 &1140182926
MonoBehaviour:
  m_ObjectHideFlags: 0
  m_CorrespondingSourceObject: {fileID: 0}
  m_PrefabInstance: {fileID: 0}
  m_PrefabAsset: {fileID: 0}
  m_GameObject: {fileID: 1140182920}
  m_Enabled: 1
  m_EditorHideFlags: 0
  m_Script: {fileID: 11500000, guid: fb005eb17d2fa294481bd9d9a1ef6ca5, type: 3}
  m_Name: 
  m_EditorClassIdentifier: 
  gamePhaseController: {fileID: 394310641}
  playgroundPrefab: {fileID: 2510894528237594251, guid: d762f3cc87969a24da53a11d9b39622b,
    type: 3}
  selectedObjectState: 0
--- !u!114 &1140182927
MonoBehaviour:
  m_ObjectHideFlags: 0
  m_CorrespondingSourceObject: {fileID: 0}
  m_PrefabInstance: {fileID: 0}
  m_PrefabAsset: {fileID: 0}
  m_GameObject: {fileID: 1140182920}
  m_Enabled: 1
  m_EditorHideFlags: 0
  m_Script: {fileID: 11500000, guid: 9fda6a68de3fc824f9c12cd97362ef9b, type: 3}
  m_Name: 
  m_EditorClassIdentifier: 
  testingGround:
  - {fileID: 749574804}
--- !u!114 &1140182928
MonoBehaviour:
  m_ObjectHideFlags: 0
  m_CorrespondingSourceObject: {fileID: 0}
  m_PrefabInstance: {fileID: 0}
  m_PrefabAsset: {fileID: 0}
  m_GameObject: {fileID: 1140182920}
  m_Enabled: 1
  m_EditorHideFlags: 0
  m_Script: {fileID: 11500000, guid: e0b9ea9f528be7642818a83d1973c48f, type: 3}
  m_Name: 
  m_EditorClassIdentifier: 
--- !u!114 &1140182930
MonoBehaviour:
  m_ObjectHideFlags: 0
  m_CorrespondingSourceObject: {fileID: 0}
  m_PrefabInstance: {fileID: 0}
  m_PrefabAsset: {fileID: 0}
  m_GameObject: {fileID: 1140182920}
  m_Enabled: 1
  m_EditorHideFlags: 0
  m_Script: {fileID: 11500000, guid: 62ad73638b48c744b825128bdb1bcf08, type: 3}
  m_Name: 
  m_EditorClassIdentifier: 
  buttonController: {fileID: 889517293}
  testingLayerMask:
    serializedVersion: 2
    m_Bits: 16384
  interactibleLayerMask:
    serializedVersion: 2
    m_Bits: 1024
  buildSurfaceLayerMask:
    serializedVersion: 2
    m_Bits: 7168
  uiLayerMask:
    serializedVersion: 2
    m_Bits: 32
--- !u!114 &1140182931
MonoBehaviour:
  m_ObjectHideFlags: 0
  m_CorrespondingSourceObject: {fileID: 0}
  m_PrefabInstance: {fileID: 0}
  m_PrefabAsset: {fileID: 0}
  m_GameObject: {fileID: 1140182920}
  m_Enabled: 1
  m_EditorHideFlags: 0
  m_Script: {fileID: 11500000, guid: 03664b588a9c1c84789e180285f653a6, type: 3}
  m_Name: 
  m_EditorClassIdentifier: 
  selectionVisualization: {fileID: 747754156}
  lerpSpeed: 3
--- !u!1 &1146995101 stripped
GameObject:
  m_CorrespondingSourceObject: {fileID: 8512864442712953791, guid: 7c1d4aefaf4109648bcf8f453882d27f,
    type: 3}
  m_PrefabInstance: {fileID: 1974564894958532466}
  m_PrefabAsset: {fileID: 0}
--- !u!114 &1146995102
MonoBehaviour:
  m_ObjectHideFlags: 0
  m_CorrespondingSourceObject: {fileID: 0}
  m_PrefabInstance: {fileID: 0}
  m_PrefabAsset: {fileID: 0}
  m_GameObject: {fileID: 1146995101}
  m_Enabled: 1
  m_EditorHideFlags: 0
  m_Script: {fileID: 11500000, guid: 31a19414c41e5ae4aae2af33fee712f6, type: 3}
  m_Name: 
  m_EditorClassIdentifier: 
  m_ShowMaskGraphic: 1
--- !u!114 &1578936283 stripped
MonoBehaviour:
  m_CorrespondingSourceObject: {fileID: 1578936283, guid: 7c1d4aefaf4109648bcf8f453882d27f,
    type: 3}
  m_PrefabInstance: {fileID: 1974564894958532466}
  m_PrefabAsset: {fileID: 0}
  m_GameObject: {fileID: 0}
  m_Enabled: 1
  m_EditorHideFlags: 0
  m_Script: {fileID: 11500000, guid: e077c7fc77633ab4fbb306cc87267310, type: 3}
  m_Name: 
  m_EditorClassIdentifier: 
--- !u!1 &1668233288
GameObject:
  m_ObjectHideFlags: 0
  m_CorrespondingSourceObject: {fileID: 0}
  m_PrefabInstance: {fileID: 0}
  m_PrefabAsset: {fileID: 0}
  serializedVersion: 6
  m_Component:
  - component: {fileID: 1668233289}
  - component: {fileID: 1668233291}
  - component: {fileID: 1668233290}
  m_Layer: 5
  m_Name: Text
  m_TagString: Untagged
  m_Icon: {fileID: 0}
  m_NavMeshLayer: 0
  m_StaticEditorFlags: 0
  m_IsActive: 1
--- !u!224 &1668233289
RectTransform:
  m_ObjectHideFlags: 0
  m_CorrespondingSourceObject: {fileID: 0}
  m_PrefabInstance: {fileID: 0}
  m_PrefabAsset: {fileID: 0}
  m_GameObject: {fileID: 1668233288}
  m_LocalRotation: {x: 0, y: 0, z: 0, w: 1}
  m_LocalPosition: {x: 0, y: 0, z: 0}
  m_LocalScale: {x: 1, y: 1, z: 1}
  m_Children: []
  m_Father: {fileID: 839448461}
  m_RootOrder: 0
  m_LocalEulerAnglesHint: {x: 0, y: 0, z: 0}
  m_AnchorMin: {x: 0.5, y: 0.5}
  m_AnchorMax: {x: 0.5, y: 0.5}
  m_AnchoredPosition: {x: 0, y: 0}
  m_SizeDelta: {x: 160, y: 30}
  m_Pivot: {x: 0.5, y: 0.5}
--- !u!114 &1668233290
MonoBehaviour:
  m_ObjectHideFlags: 0
  m_CorrespondingSourceObject: {fileID: 0}
  m_PrefabInstance: {fileID: 0}
  m_PrefabAsset: {fileID: 0}
  m_GameObject: {fileID: 1668233288}
  m_Enabled: 1
  m_EditorHideFlags: 0
  m_Script: {fileID: 11500000, guid: 5f7201a12d95ffc409449d95f23cf332, type: 3}
  m_Name: 
  m_EditorClassIdentifier: 
  m_Material: {fileID: 0}
  m_Color: {r: 0.19607843, g: 0.19607843, b: 0.19607843, a: 1}
  m_RaycastTarget: 1
  m_OnCullStateChanged:
    m_PersistentCalls:
      m_Calls: []
  m_FontData:
    m_Font: {fileID: 10102, guid: 0000000000000000e000000000000000, type: 0}
    m_FontSize: 30
    m_FontStyle: 0
    m_BestFit: 0
    m_MinSize: 3
    m_MaxSize: 40
    m_Alignment: 0
    m_AlignByGeometry: 0
    m_RichText: 1
    m_HorizontalOverflow: 0
    m_VerticalOverflow: 0
    m_LineSpacing: 1
  m_Text: Cube
--- !u!222 &1668233291
CanvasRenderer:
  m_ObjectHideFlags: 0
  m_CorrespondingSourceObject: {fileID: 0}
  m_PrefabInstance: {fileID: 0}
  m_PrefabAsset: {fileID: 0}
  m_GameObject: {fileID: 1668233288}
  m_CullTransparentMesh: 0
--- !u!1 &1917643788 stripped
GameObject:
  m_CorrespondingSourceObject: {fileID: 1974564893158318675, guid: 7c1d4aefaf4109648bcf8f453882d27f,
    type: 3}
  m_PrefabInstance: {fileID: 1974564894958532466}
  m_PrefabAsset: {fileID: 0}
--- !u!1 &2031263746
GameObject:
  m_ObjectHideFlags: 0
  m_CorrespondingSourceObject: {fileID: 0}
  m_PrefabInstance: {fileID: 0}
  m_PrefabAsset: {fileID: 0}
  serializedVersion: 6
  m_Component:
  - component: {fileID: 2031263749}
  - component: {fileID: 2031263748}
  - component: {fileID: 2031263747}
  m_Layer: 0
  m_Name: AR Session
  m_TagString: Untagged
  m_Icon: {fileID: 0}
  m_NavMeshLayer: 0
  m_StaticEditorFlags: 0
  m_IsActive: 1
--- !u!114 &2031263747
MonoBehaviour:
  m_ObjectHideFlags: 0
  m_CorrespondingSourceObject: {fileID: 0}
  m_PrefabInstance: {fileID: 0}
  m_PrefabAsset: {fileID: 0}
  m_GameObject: {fileID: 2031263746}
  m_Enabled: 1
  m_EditorHideFlags: 0
  m_Script: {fileID: 11500000, guid: fa850fbd5b8aded44846f96e35f1a9f5, type: 3}
  m_Name: 
  m_EditorClassIdentifier: 
--- !u!114 &2031263748
MonoBehaviour:
  m_ObjectHideFlags: 0
  m_CorrespondingSourceObject: {fileID: 0}
  m_PrefabInstance: {fileID: 0}
  m_PrefabAsset: {fileID: 0}
  m_GameObject: {fileID: 2031263746}
  m_Enabled: 1
  m_EditorHideFlags: 0
  m_Script: {fileID: 11500000, guid: 3859a92a05d4f5d418cb6ca605290e74, type: 3}
  m_Name: 
  m_EditorClassIdentifier: 
  m_AttemptUpdate: 1
  m_MatchFrameRate: 1
--- !u!4 &2031263749
Transform:
  m_ObjectHideFlags: 0
  m_CorrespondingSourceObject: {fileID: 0}
  m_PrefabInstance: {fileID: 0}
  m_PrefabAsset: {fileID: 0}
  m_GameObject: {fileID: 2031263746}
  m_LocalRotation: {x: 0, y: 0, z: 0, w: 1}
  m_LocalPosition: {x: 0, y: 0, z: 0}
  m_LocalScale: {x: 1, y: 1, z: 1}
  m_Children: []
  m_Father: {fileID: 0}
  m_RootOrder: 3
  m_LocalEulerAnglesHint: {x: 0, y: 0, z: 0}
--- !u!1001 &1974564894958532466
PrefabInstance:
  m_ObjectHideFlags: 0
  serializedVersion: 2
  m_Modification:
    m_TransformParent: {fileID: 0}
    m_Modifications:
    - target: {fileID: 889517293, guid: 7c1d4aefaf4109648bcf8f453882d27f, type: 3}
      propertyPath: interactionController
      value: 
      objectReference: {fileID: 1140182926}
    - target: {fileID: 889517293, guid: 7c1d4aefaf4109648bcf8f453882d27f, type: 3}
      propertyPath: objectManipulationController
      value: 
      objectReference: {fileID: 1140182931}
    - target: {fileID: 1668233289, guid: 7c1d4aefaf4109648bcf8f453882d27f, type: 3}
      propertyPath: m_RootOrder
      value: 1
      objectReference: {fileID: 0}
    - target: {fileID: 1422230840149812874, guid: 7c1d4aefaf4109648bcf8f453882d27f,
        type: 3}
      propertyPath: m_IsActive
      value: 0
      objectReference: {fileID: 0}
    - target: {fileID: 1690691854211480061, guid: 7c1d4aefaf4109648bcf8f453882d27f,
        type: 3}
      propertyPath: m_AnchorMin.y
      value: 0
      objectReference: {fileID: 0}
    - target: {fileID: 1690691854211480061, guid: 7c1d4aefaf4109648bcf8f453882d27f,
        type: 3}
      propertyPath: m_AnchorMax.y
      value: 0
      objectReference: {fileID: 0}
    - target: {fileID: 1690691854211480061, guid: 7c1d4aefaf4109648bcf8f453882d27f,
        type: 3}
      propertyPath: m_AnchoredPosition.x
      value: 0
      objectReference: {fileID: 0}
    - target: {fileID: 1690691854211480061, guid: 7c1d4aefaf4109648bcf8f453882d27f,
        type: 3}
      propertyPath: m_AnchoredPosition.y
      value: 0
      objectReference: {fileID: 0}
    - target: {fileID: 1974564893708585773, guid: 7c1d4aefaf4109648bcf8f453882d27f,
        type: 3}
      propertyPath: m_SizeDelta.x
      value: 720
      objectReference: {fileID: 0}
    - target: {fileID: 2427609099574837879, guid: 7c1d4aefaf4109648bcf8f453882d27f,
        type: 3}
      propertyPath: m_IsActive
      value: 0
      objectReference: {fileID: 0}
    - target: {fileID: 2741081996322934037, guid: 7c1d4aefaf4109648bcf8f453882d27f,
        type: 3}
      propertyPath: m_Color.r
      value: 0
      objectReference: {fileID: 0}
    - target: {fileID: 2741081996322934037, guid: 7c1d4aefaf4109648bcf8f453882d27f,
        type: 3}
      propertyPath: m_Color.g
      value: 0
      objectReference: {fileID: 0}
    - target: {fileID: 2741081996322934037, guid: 7c1d4aefaf4109648bcf8f453882d27f,
        type: 3}
      propertyPath: m_Color.b
      value: 0
      objectReference: {fileID: 0}
    - target: {fileID: 2741081996322934037, guid: 7c1d4aefaf4109648bcf8f453882d27f,
        type: 3}
      propertyPath: m_Sprite
      value: 
      objectReference: {fileID: 0}
    - target: {fileID: 2741081996322934037, guid: 7c1d4aefaf4109648bcf8f453882d27f,
        type: 3}
      propertyPath: m_Type
      value: 0
      objectReference: {fileID: 0}
    - target: {fileID: 2808453062410465761, guid: 7c1d4aefaf4109648bcf8f453882d27f,
        type: 3}
      propertyPath: m_Name
      value: CubeButton
      objectReference: {fileID: 0}
    - target: {fileID: 3151601785126963137, guid: 7c1d4aefaf4109648bcf8f453882d27f,
        type: 3}
      propertyPath: m_AnchorMin.y
      value: 0
      objectReference: {fileID: 0}
    - target: {fileID: 3151601785126963137, guid: 7c1d4aefaf4109648bcf8f453882d27f,
        type: 3}
      propertyPath: m_AnchorMax.y
      value: 0
      objectReference: {fileID: 0}
    - target: {fileID: 3151601785126963137, guid: 7c1d4aefaf4109648bcf8f453882d27f,
        type: 3}
      propertyPath: m_AnchoredPosition.x
      value: 0
      objectReference: {fileID: 0}
    - target: {fileID: 3151601785126963137, guid: 7c1d4aefaf4109648bcf8f453882d27f,
        type: 3}
      propertyPath: m_AnchoredPosition.y
      value: 0
      objectReference: {fileID: 0}
    - target: {fileID: 3151601785126963138, guid: 7c1d4aefaf4109648bcf8f453882d27f,
        type: 3}
      propertyPath: m_OnClick.m_PersistentCalls.m_Calls.Array.data[0].m_Target
      value: 
      objectReference: {fileID: 889517293}
    - target: {fileID: 3151601785126963138, guid: 7c1d4aefaf4109648bcf8f453882d27f,
        type: 3}
      propertyPath: m_OnClick.m_PersistentCalls.m_Calls.Array.data[0].m_MethodName
      value: OnClickStartSimulationButton
      objectReference: {fileID: 0}
    - target: {fileID: 3979654251033328243, guid: 7c1d4aefaf4109648bcf8f453882d27f,
        type: 3}
      propertyPath: m_OnClick.m_PersistentCalls.m_Calls.Array.size
      value: 1
      objectReference: {fileID: 0}
    - target: {fileID: 3979654251033328243, guid: 7c1d4aefaf4109648bcf8f453882d27f,
        type: 3}
      propertyPath: m_OnClick.m_PersistentCalls.m_Calls.Array.data[0].m_Mode
      value: 1
      objectReference: {fileID: 0}
    - target: {fileID: 3979654251033328243, guid: 7c1d4aefaf4109648bcf8f453882d27f,
        type: 3}
      propertyPath: m_OnClick.m_PersistentCalls.m_Calls.Array.data[0].m_CallState
      value: 2
      objectReference: {fileID: 0}
    - target: {fileID: 3979654251033328243, guid: 7c1d4aefaf4109648bcf8f453882d27f,
        type: 3}
      propertyPath: m_OnClick.m_PersistentCalls.m_Calls.Array.data[0].m_Target
      value: 
      objectReference: {fileID: 1140182928}
    - target: {fileID: 3979654251033328243, guid: 7c1d4aefaf4109648bcf8f453882d27f,
        type: 3}
      propertyPath: m_OnClick.m_PersistentCalls.m_Calls.Array.data[0].m_MethodName
      value: ReduceHeight
      objectReference: {fileID: 0}
    - target: {fileID: 3979654251033328243, guid: 7c1d4aefaf4109648bcf8f453882d27f,
        type: 3}
      propertyPath: m_OnClick.m_PersistentCalls.m_Calls.Array.data[0].m_Arguments.m_ObjectArgumentAssemblyTypeName
      value: UnityEngine.Object, UnityEngine
      objectReference: {fileID: 0}
    - target: {fileID: 4189152124749408471, guid: 7c1d4aefaf4109648bcf8f453882d27f,
        type: 3}
      propertyPath: m_OnClick.m_PersistentCalls.m_Calls.Array.size
      value: 1
      objectReference: {fileID: 0}
    - target: {fileID: 4189152124749408471, guid: 7c1d4aefaf4109648bcf8f453882d27f,
        type: 3}
      propertyPath: m_OnClick.m_PersistentCalls.m_Calls.Array.data[0].m_Mode
      value: 1
      objectReference: {fileID: 0}
    - target: {fileID: 4189152124749408471, guid: 7c1d4aefaf4109648bcf8f453882d27f,
        type: 3}
      propertyPath: m_OnClick.m_PersistentCalls.m_Calls.Array.data[0].m_CallState
      value: 2
      objectReference: {fileID: 0}
    - target: {fileID: 4189152124749408471, guid: 7c1d4aefaf4109648bcf8f453882d27f,
        type: 3}
      propertyPath: m_OnClick.m_PersistentCalls.m_Calls.Array.data[0].m_Target
      value: 
      objectReference: {fileID: 175240097}
    - target: {fileID: 4189152124749408471, guid: 7c1d4aefaf4109648bcf8f453882d27f,
        type: 3}
      propertyPath: m_OnClick.m_PersistentCalls.m_Calls.Array.data[0].m_MethodName
      value: OnClick
      objectReference: {fileID: 0}
    - target: {fileID: 4189152124749408471, guid: 7c1d4aefaf4109648bcf8f453882d27f,
        type: 3}
      propertyPath: m_OnClick.m_PersistentCalls.m_Calls.Array.data[0].m_Arguments.m_ObjectArgumentAssemblyTypeName
      value: UnityEngine.Object, UnityEngine
      objectReference: {fileID: 0}
    - target: {fileID: 5416592040234074952, guid: 7c1d4aefaf4109648bcf8f453882d27f,
        type: 3}
      propertyPath: m_AnchoredPosition.x
      value: 0
      objectReference: {fileID: 0}
    - target: {fileID: 5416592040234074952, guid: 7c1d4aefaf4109648bcf8f453882d27f,
        type: 3}
      propertyPath: m_AnchorMin.y
      value: 0
      objectReference: {fileID: 0}
    - target: {fileID: 5416592040234074952, guid: 7c1d4aefaf4109648bcf8f453882d27f,
        type: 3}
      propertyPath: m_AnchorMax.y
      value: 0
      objectReference: {fileID: 0}
    - target: {fileID: 5416592040234074952, guid: 7c1d4aefaf4109648bcf8f453882d27f,
        type: 3}
      propertyPath: m_AnchoredPosition.y
      value: 0
      objectReference: {fileID: 0}
    - target: {fileID: 5597196068643456349, guid: 7c1d4aefaf4109648bcf8f453882d27f,
        type: 3}
      propertyPath: m_OnClick.m_PersistentCalls.m_Calls.Array.data[0].m_Arguments.m_ObjectArgument
      value: 
      objectReference: {fileID: 4232418621901664094, guid: ab9d2f570e838894a89b9ffe16080470,
        type: 3}
    - target: {fileID: 5918629401464450332, guid: 7c1d4aefaf4109648bcf8f453882d27f,
        type: 3}
      propertyPath: m_OnClick.m_PersistentCalls.m_Calls.Array.size
      value: 1
      objectReference: {fileID: 0}
    - target: {fileID: 5918629401464450332, guid: 7c1d4aefaf4109648bcf8f453882d27f,
        type: 3}
      propertyPath: m_OnClick.m_PersistentCalls.m_Calls.Array.data[0].m_Mode
      value: 1
      objectReference: {fileID: 0}
    - target: {fileID: 5918629401464450332, guid: 7c1d4aefaf4109648bcf8f453882d27f,
        type: 3}
      propertyPath: m_OnClick.m_PersistentCalls.m_Calls.Array.data[0].m_CallState
      value: 2
      objectReference: {fileID: 0}
    - target: {fileID: 5918629401464450332, guid: 7c1d4aefaf4109648bcf8f453882d27f,
        type: 3}
      propertyPath: m_OnClick.m_PersistentCalls.m_Calls.Array.data[0].m_Target
      value: 
      objectReference: {fileID: 889517293}
    - target: {fileID: 5918629401464450332, guid: 7c1d4aefaf4109648bcf8f453882d27f,
        type: 3}
      propertyPath: m_OnClick.m_PersistentCalls.m_Calls.Array.data[0].m_MethodName
      value: OnClickPlaygroundButton
      objectReference: {fileID: 0}
    - target: {fileID: 5918629401464450332, guid: 7c1d4aefaf4109648bcf8f453882d27f,
        type: 3}
      propertyPath: m_OnClick.m_PersistentCalls.m_Calls.Array.data[0].m_Arguments.m_ObjectArgumentAssemblyTypeName
      value: UnityEngine.Object, UnityEngine
      objectReference: {fileID: 0}
    - target: {fileID: 5932646184126443572, guid: 7c1d4aefaf4109648bcf8f453882d27f,
        type: 3}
      propertyPath: m_AnchoredPosition.y
      value: -18.29596
      objectReference: {fileID: 0}
    - target: {fileID: 6428966076777570501, guid: 7c1d4aefaf4109648bcf8f453882d27f,
        type: 3}
      propertyPath: m_AnchorMin.y
      value: 0
      objectReference: {fileID: 0}
    - target: {fileID: 6428966076777570501, guid: 7c1d4aefaf4109648bcf8f453882d27f,
        type: 3}
      propertyPath: m_AnchorMax.y
      value: 0
      objectReference: {fileID: 0}
    - target: {fileID: 6428966076777570501, guid: 7c1d4aefaf4109648bcf8f453882d27f,
        type: 3}
      propertyPath: m_AnchoredPosition.x
      value: 0
      objectReference: {fileID: 0}
    - target: {fileID: 6428966076777570501, guid: 7c1d4aefaf4109648bcf8f453882d27f,
        type: 3}
      propertyPath: m_AnchoredPosition.y
      value: 0
      objectReference: {fileID: 0}
    - target: {fileID: 6620530470566670974, guid: 7c1d4aefaf4109648bcf8f453882d27f,
        type: 3}
      propertyPath: m_AnchoredPosition.y
      value: 0.20019531
      objectReference: {fileID: 0}
    - target: {fileID: 6636356570321033020, guid: 7c1d4aefaf4109648bcf8f453882d27f,
        type: 3}
      propertyPath: m_OnClick.m_PersistentCalls.m_Calls.Array.size
      value: 1
      objectReference: {fileID: 0}
    - target: {fileID: 6636356570321033020, guid: 7c1d4aefaf4109648bcf8f453882d27f,
        type: 3}
      propertyPath: m_OnClick.m_PersistentCalls.m_Calls.Array.data[0].m_Mode
      value: 1
      objectReference: {fileID: 0}
    - target: {fileID: 6636356570321033020, guid: 7c1d4aefaf4109648bcf8f453882d27f,
        type: 3}
      propertyPath: m_OnClick.m_PersistentCalls.m_Calls.Array.data[0].m_CallState
      value: 2
      objectReference: {fileID: 0}
    - target: {fileID: 6636356570321033020, guid: 7c1d4aefaf4109648bcf8f453882d27f,
        type: 3}
      propertyPath: m_OnClick.m_PersistentCalls.m_Calls.Array.data[0].m_Target
      value: 
      objectReference: {fileID: 889517293}
    - target: {fileID: 6636356570321033020, guid: 7c1d4aefaf4109648bcf8f453882d27f,
        type: 3}
      propertyPath: m_OnClick.m_PersistentCalls.m_Calls.Array.data[0].m_MethodName
      value: OnClickTrashButton
      objectReference: {fileID: 0}
    - target: {fileID: 6636356570321033020, guid: 7c1d4aefaf4109648bcf8f453882d27f,
        type: 3}
      propertyPath: m_OnClick.m_PersistentCalls.m_Calls.Array.data[0].m_Arguments.m_ObjectArgumentAssemblyTypeName
      value: UnityEngine.Object, UnityEngine
      objectReference: {fileID: 0}
    - target: {fileID: 6805359216554038099, guid: 7c1d4aefaf4109648bcf8f453882d27f,
        type: 3}
      propertyPath: m_AnchorMin.x
      value: 0
      objectReference: {fileID: 0}
    - target: {fileID: 6805359216554038099, guid: 7c1d4aefaf4109648bcf8f453882d27f,
        type: 3}
      propertyPath: m_AnchorMin.y
      value: 0
      objectReference: {fileID: 0}
    - target: {fileID: 6805359216554038099, guid: 7c1d4aefaf4109648bcf8f453882d27f,
        type: 3}
      propertyPath: m_AnchorMax.x
      value: 0
      objectReference: {fileID: 0}
    - target: {fileID: 6805359216554038099, guid: 7c1d4aefaf4109648bcf8f453882d27f,
        type: 3}
      propertyPath: m_AnchorMax.y
      value: 0
      objectReference: {fileID: 0}
    - target: {fileID: 6805359216554038099, guid: 7c1d4aefaf4109648bcf8f453882d27f,
        type: 3}
      propertyPath: m_AnchoredPosition.x
      value: 20
      objectReference: {fileID: 0}
    - target: {fileID: 6805359216554038099, guid: 7c1d4aefaf4109648bcf8f453882d27f,
        type: 3}
      propertyPath: m_AnchoredPosition.y
      value: 20
      objectReference: {fileID: 0}
    - target: {fileID: 6805359216554038099, guid: 7c1d4aefaf4109648bcf8f453882d27f,
        type: 3}
      propertyPath: m_Pivot.x
      value: 0
      objectReference: {fileID: 0}
    - target: {fileID: 6805359216554038099, guid: 7c1d4aefaf4109648bcf8f453882d27f,
        type: 3}
      propertyPath: m_Pivot.y
      value: 0
      objectReference: {fileID: 0}
    - target: {fileID: 6987735913259903085, guid: 7c1d4aefaf4109648bcf8f453882d27f,
        type: 3}
      propertyPath: m_AnchorMin.y
      value: 0
      objectReference: {fileID: 0}
    - target: {fileID: 6987735913259903085, guid: 7c1d4aefaf4109648bcf8f453882d27f,
        type: 3}
      propertyPath: m_AnchorMax.y
      value: 0
      objectReference: {fileID: 0}
    - target: {fileID: 6987735913259903085, guid: 7c1d4aefaf4109648bcf8f453882d27f,
        type: 3}
      propertyPath: m_AnchoredPosition.x
      value: 0
      objectReference: {fileID: 0}
    - target: {fileID: 6987735913259903085, guid: 7c1d4aefaf4109648bcf8f453882d27f,
        type: 3}
      propertyPath: m_AnchoredPosition.y
      value: 0
      objectReference: {fileID: 0}
    - target: {fileID: 6987735913335739511, guid: 7c1d4aefaf4109648bcf8f453882d27f,
        type: 3}
      propertyPath: m_RootOrder
      value: 1
      objectReference: {fileID: 0}
    - target: {fileID: 6987735913335739511, guid: 7c1d4aefaf4109648bcf8f453882d27f,
        type: 3}
      propertyPath: m_AnchorMin.y
      value: 0
      objectReference: {fileID: 0}
    - target: {fileID: 6987735913335739511, guid: 7c1d4aefaf4109648bcf8f453882d27f,
        type: 3}
      propertyPath: m_AnchorMax.y
      value: 0
      objectReference: {fileID: 0}
    - target: {fileID: 6987735913335739511, guid: 7c1d4aefaf4109648bcf8f453882d27f,
        type: 3}
      propertyPath: m_AnchoredPosition.x
      value: 0
      objectReference: {fileID: 0}
    - target: {fileID: 6987735913335739511, guid: 7c1d4aefaf4109648bcf8f453882d27f,
        type: 3}
      propertyPath: m_AnchoredPosition.y
      value: 0
      objectReference: {fileID: 0}
    - target: {fileID: 7557946484574350716, guid: 7c1d4aefaf4109648bcf8f453882d27f,
        type: 3}
      propertyPath: m_OnClick.m_PersistentCalls.m_Calls.Array.data[0].m_Target
      value: 
      objectReference: {fileID: 889517293}
    - target: {fileID: 7557946484574350716, guid: 7c1d4aefaf4109648bcf8f453882d27f,
        type: 3}
      propertyPath: m_OnClick.m_PersistentCalls.m_Calls.Array.data[0].m_MethodName
      value: OnClickStopSimulationButton
      objectReference: {fileID: 0}
    - target: {fileID: 7695322159685100061, guid: 7c1d4aefaf4109648bcf8f453882d27f,
        type: 3}
      propertyPath: m_OnClick.m_PersistentCalls.m_Calls.Array.size
      value: 1
      objectReference: {fileID: 0}
    - target: {fileID: 7695322159685100061, guid: 7c1d4aefaf4109648bcf8f453882d27f,
        type: 3}
      propertyPath: m_OnClick.m_PersistentCalls.m_Calls.Array.data[0].m_Mode
      value: 1
      objectReference: {fileID: 0}
    - target: {fileID: 7695322159685100061, guid: 7c1d4aefaf4109648bcf8f453882d27f,
        type: 3}
      propertyPath: m_OnClick.m_PersistentCalls.m_Calls.Array.data[0].m_CallState
      value: 2
      objectReference: {fileID: 0}
    - target: {fileID: 7695322159685100061, guid: 7c1d4aefaf4109648bcf8f453882d27f,
        type: 3}
      propertyPath: m_OnClick.m_PersistentCalls.m_Calls.Array.data[0].m_Target
      value: 
      objectReference: {fileID: 889517293}
    - target: {fileID: 7695322159685100061, guid: 7c1d4aefaf4109648bcf8f453882d27f,
        type: 3}
      propertyPath: m_OnClick.m_PersistentCalls.m_Calls.Array.data[0].m_MethodName
      value: OnClickApplyButton
      objectReference: {fileID: 0}
    - target: {fileID: 7695322159685100061, guid: 7c1d4aefaf4109648bcf8f453882d27f,
        type: 3}
      propertyPath: m_OnClick.m_PersistentCalls.m_Calls.Array.data[0].m_Arguments.m_ObjectArgumentAssemblyTypeName
      value: UnityEngine.Object, UnityEngine
      objectReference: {fileID: 0}
    - target: {fileID: 7969241128121553250, guid: 7c1d4aefaf4109648bcf8f453882d27f,
        type: 3}
      propertyPath: m_OnClick.m_PersistentCalls.m_Calls.Array.size
      value: 1
      objectReference: {fileID: 0}
    - target: {fileID: 7969241128121553250, guid: 7c1d4aefaf4109648bcf8f453882d27f,
        type: 3}
      propertyPath: m_OnClick.m_PersistentCalls.m_Calls.Array.data[0].m_Mode
      value: 1
      objectReference: {fileID: 0}
    - target: {fileID: 7969241128121553250, guid: 7c1d4aefaf4109648bcf8f453882d27f,
        type: 3}
      propertyPath: m_OnClick.m_PersistentCalls.m_Calls.Array.data[0].m_CallState
      value: 2
      objectReference: {fileID: 0}
    - target: {fileID: 7969241128121553250, guid: 7c1d4aefaf4109648bcf8f453882d27f,
        type: 3}
      propertyPath: m_OnClick.m_PersistentCalls.m_Calls.Array.data[0].m_Target
      value: 
      objectReference: {fileID: 1140182928}
    - target: {fileID: 7969241128121553250, guid: 7c1d4aefaf4109648bcf8f453882d27f,
        type: 3}
      propertyPath: m_OnClick.m_PersistentCalls.m_Calls.Array.data[0].m_MethodName
      value: AddHeight
      objectReference: {fileID: 0}
    - target: {fileID: 7969241128121553250, guid: 7c1d4aefaf4109648bcf8f453882d27f,
        type: 3}
      propertyPath: m_OnClick.m_PersistentCalls.m_Calls.Array.data[0].m_Arguments.m_ObjectArgumentAssemblyTypeName
      value: UnityEngine.Object, UnityEngine
      objectReference: {fileID: 0}
    - target: {fileID: 8164256204222727702, guid: 7c1d4aefaf4109648bcf8f453882d27f,
        type: 3}
      propertyPath: m_AnchorMin.y
      value: 0
      objectReference: {fileID: 0}
    - target: {fileID: 8164256204222727702, guid: 7c1d4aefaf4109648bcf8f453882d27f,
        type: 3}
      propertyPath: m_AnchorMax.y
      value: 0
      objectReference: {fileID: 0}
    - target: {fileID: 8164256204222727702, guid: 7c1d4aefaf4109648bcf8f453882d27f,
        type: 3}
      propertyPath: m_AnchoredPosition.x
      value: 0
      objectReference: {fileID: 0}
    - target: {fileID: 8164256204222727702, guid: 7c1d4aefaf4109648bcf8f453882d27f,
        type: 3}
      propertyPath: m_AnchoredPosition.y
      value: 0
      objectReference: {fileID: 0}
    - target: {fileID: 8297089323359748729, guid: 7c1d4aefaf4109648bcf8f453882d27f,
        type: 3}
      propertyPath: m_OnClick.m_PersistentCalls.m_Calls.Array.size
      value: 1
      objectReference: {fileID: 0}
    - target: {fileID: 8297089323359748729, guid: 7c1d4aefaf4109648bcf8f453882d27f,
        type: 3}
      propertyPath: m_OnClick.m_PersistentCalls.m_Calls.Array.data[0].m_Mode
      value: 1
      objectReference: {fileID: 0}
    - target: {fileID: 8297089323359748729, guid: 7c1d4aefaf4109648bcf8f453882d27f,
        type: 3}
      propertyPath: m_OnClick.m_PersistentCalls.m_Calls.Array.data[0].m_CallState
      value: 2
      objectReference: {fileID: 0}
    - target: {fileID: 8297089323359748729, guid: 7c1d4aefaf4109648bcf8f453882d27f,
        type: 3}
      propertyPath: m_OnClick.m_PersistentCalls.m_Calls.Array.data[0].m_Target
      value: 
      objectReference: {fileID: 1578936283}
    - target: {fileID: 8297089323359748729, guid: 7c1d4aefaf4109648bcf8f453882d27f,
        type: 3}
      propertyPath: m_OnClick.m_PersistentCalls.m_Calls.Array.data[0].m_MethodName
      value: OnClick
      objectReference: {fileID: 0}
    - target: {fileID: 8297089323359748729, guid: 7c1d4aefaf4109648bcf8f453882d27f,
        type: 3}
      propertyPath: m_OnClick.m_PersistentCalls.m_Calls.Array.data[0].m_Arguments.m_ObjectArgumentAssemblyTypeName
      value: UnityEngine.Object, UnityEngine
      objectReference: {fileID: 0}
    - target: {fileID: 8389104895981269487, guid: 7c1d4aefaf4109648bcf8f453882d27f,
        type: 3}
      propertyPath: m_OnClick.m_PersistentCalls.m_Calls.Array.data[0].m_Arguments.m_ObjectArgument
      value: 
      objectReference: {fileID: 6445480032124025198, guid: c187b7babbf13674cb70c25697867d3e,
        type: 3}
    - target: {fileID: 8512864442712953791, guid: 7c1d4aefaf4109648bcf8f453882d27f,
        type: 3}
      propertyPath: m_IsActive
      value: 1
      objectReference: {fileID: 0}
    - target: {fileID: 8512864443324736643, guid: 7c1d4aefaf4109648bcf8f453882d27f,
        type: 3}
      propertyPath: m_LocalPosition.x
      value: 0
      objectReference: {fileID: 0}
    - target: {fileID: 8512864443324736643, guid: 7c1d4aefaf4109648bcf8f453882d27f,
        type: 3}
      propertyPath: m_LocalPosition.y
      value: 0
      objectReference: {fileID: 0}
    - target: {fileID: 8512864443324736643, guid: 7c1d4aefaf4109648bcf8f453882d27f,
        type: 3}
      propertyPath: m_LocalPosition.z
      value: 0
      objectReference: {fileID: 0}
    - target: {fileID: 8512864443324736643, guid: 7c1d4aefaf4109648bcf8f453882d27f,
        type: 3}
      propertyPath: m_LocalRotation.x
      value: 0
      objectReference: {fileID: 0}
    - target: {fileID: 8512864443324736643, guid: 7c1d4aefaf4109648bcf8f453882d27f,
        type: 3}
      propertyPath: m_LocalRotation.y
      value: 0
      objectReference: {fileID: 0}
    - target: {fileID: 8512864443324736643, guid: 7c1d4aefaf4109648bcf8f453882d27f,
        type: 3}
      propertyPath: m_LocalRotation.z
      value: 0
      objectReference: {fileID: 0}
    - target: {fileID: 8512864443324736643, guid: 7c1d4aefaf4109648bcf8f453882d27f,
        type: 3}
      propertyPath: m_LocalRotation.w
      value: 1
      objectReference: {fileID: 0}
    - target: {fileID: 8512864443324736643, guid: 7c1d4aefaf4109648bcf8f453882d27f,
        type: 3}
      propertyPath: m_RootOrder
      value: 7
      objectReference: {fileID: 0}
    - target: {fileID: 8512864443324736643, guid: 7c1d4aefaf4109648bcf8f453882d27f,
        type: 3}
      propertyPath: m_LocalEulerAnglesHint.x
      value: 0
      objectReference: {fileID: 0}
    - target: {fileID: 8512864443324736643, guid: 7c1d4aefaf4109648bcf8f453882d27f,
        type: 3}
      propertyPath: m_LocalEulerAnglesHint.y
      value: 0
      objectReference: {fileID: 0}
    - target: {fileID: 8512864443324736643, guid: 7c1d4aefaf4109648bcf8f453882d27f,
        type: 3}
      propertyPath: m_LocalEulerAnglesHint.z
      value: 0
      objectReference: {fileID: 0}
    - target: {fileID: 8512864443324736643, guid: 7c1d4aefaf4109648bcf8f453882d27f,
        type: 3}
      propertyPath: m_AnchoredPosition.x
      value: 0
      objectReference: {fileID: 0}
    - target: {fileID: 8512864443324736643, guid: 7c1d4aefaf4109648bcf8f453882d27f,
        type: 3}
      propertyPath: m_AnchoredPosition.y
      value: 0
      objectReference: {fileID: 0}
    - target: {fileID: 8512864443324736643, guid: 7c1d4aefaf4109648bcf8f453882d27f,
        type: 3}
      propertyPath: m_SizeDelta.x
      value: 0
      objectReference: {fileID: 0}
    - target: {fileID: 8512864443324736643, guid: 7c1d4aefaf4109648bcf8f453882d27f,
        type: 3}
      propertyPath: m_SizeDelta.y
      value: 0
      objectReference: {fileID: 0}
    - target: {fileID: 8512864443324736643, guid: 7c1d4aefaf4109648bcf8f453882d27f,
        type: 3}
      propertyPath: m_AnchorMin.x
      value: 0
      objectReference: {fileID: 0}
    - target: {fileID: 8512864443324736643, guid: 7c1d4aefaf4109648bcf8f453882d27f,
        type: 3}
      propertyPath: m_AnchorMin.y
      value: 0
      objectReference: {fileID: 0}
    - target: {fileID: 8512864443324736643, guid: 7c1d4aefaf4109648bcf8f453882d27f,
        type: 3}
      propertyPath: m_AnchorMax.x
      value: 0
      objectReference: {fileID: 0}
    - target: {fileID: 8512864443324736643, guid: 7c1d4aefaf4109648bcf8f453882d27f,
        type: 3}
      propertyPath: m_AnchorMax.y
      value: 0
      objectReference: {fileID: 0}
    - target: {fileID: 8512864443324736643, guid: 7c1d4aefaf4109648bcf8f453882d27f,
        type: 3}
      propertyPath: m_Pivot.x
      value: 0
      objectReference: {fileID: 0}
    - target: {fileID: 8512864443324736643, guid: 7c1d4aefaf4109648bcf8f453882d27f,
        type: 3}
      propertyPath: m_Pivot.y
      value: 0
      objectReference: {fileID: 0}
    - target: {fileID: 8512864443324736647, guid: 7c1d4aefaf4109648bcf8f453882d27f,
        type: 3}
      propertyPath: m_Name
      value: IngameCanvas
      objectReference: {fileID: 0}
    - target: {fileID: 8512864443324736647, guid: 7c1d4aefaf4109648bcf8f453882d27f,
        type: 3}
      propertyPath: m_IsActive
      value: 1
      objectReference: {fileID: 0}
    - target: {fileID: 8630965371807479397, guid: 7c1d4aefaf4109648bcf8f453882d27f,
        type: 3}
      propertyPath: m_RootOrder
      value: 1
      objectReference: {fileID: 0}
    m_RemovedComponents: []
  m_SourcePrefab: {fileID: 100100000, guid: 7c1d4aefaf4109648bcf8f453882d27f, type: 3}
--- !u!1001 &5918931703035184013
PrefabInstance:
  m_ObjectHideFlags: 0
  serializedVersion: 2
  m_Modification:
    m_TransformParent: {fileID: 0}
    m_Modifications:
    - target: {fileID: 363843814274607901, guid: 2fc2c8279d3c03942bf7bc3bec86e527,
        type: 3}
      propertyPath: m_CastShadows
      value: 0
      objectReference: {fileID: 0}
    - target: {fileID: 3945733089555378241, guid: 2fc2c8279d3c03942bf7bc3bec86e527,
        type: 3}
      propertyPath: m_LocalPosition.y
      value: 0.001
      objectReference: {fileID: 0}
    - target: {fileID: 3945733089555378241, guid: 2fc2c8279d3c03942bf7bc3bec86e527,
        type: 3}
      propertyPath: m_LocalScale.y
      value: 0.001
      objectReference: {fileID: 0}
    - target: {fileID: 3945733089555378241, guid: 2fc2c8279d3c03942bf7bc3bec86e527,
        type: 3}
      propertyPath: m_LocalScale.x
      value: 0.03
      objectReference: {fileID: 0}
    - target: {fileID: 3945733089555378241, guid: 2fc2c8279d3c03942bf7bc3bec86e527,
        type: 3}
      propertyPath: m_LocalScale.z
      value: 0.03
      objectReference: {fileID: 0}
    - target: {fileID: 5918931704146715733, guid: 2fc2c8279d3c03942bf7bc3bec86e527,
        type: 3}
      propertyPath: m_LocalPosition.x
      value: 0
      objectReference: {fileID: 0}
    - target: {fileID: 5918931704146715733, guid: 2fc2c8279d3c03942bf7bc3bec86e527,
        type: 3}
      propertyPath: m_LocalPosition.y
      value: 0
      objectReference: {fileID: 0}
    - target: {fileID: 5918931704146715733, guid: 2fc2c8279d3c03942bf7bc3bec86e527,
        type: 3}
      propertyPath: m_LocalPosition.z
      value: 0
      objectReference: {fileID: 0}
    - target: {fileID: 5918931704146715733, guid: 2fc2c8279d3c03942bf7bc3bec86e527,
        type: 3}
      propertyPath: m_LocalRotation.x
      value: 0
      objectReference: {fileID: 0}
    - target: {fileID: 5918931704146715733, guid: 2fc2c8279d3c03942bf7bc3bec86e527,
        type: 3}
      propertyPath: m_LocalRotation.y
      value: 0
      objectReference: {fileID: 0}
    - target: {fileID: 5918931704146715733, guid: 2fc2c8279d3c03942bf7bc3bec86e527,
        type: 3}
      propertyPath: m_LocalRotation.z
      value: 0
      objectReference: {fileID: 0}
    - target: {fileID: 5918931704146715733, guid: 2fc2c8279d3c03942bf7bc3bec86e527,
        type: 3}
      propertyPath: m_LocalRotation.w
      value: 1
      objectReference: {fileID: 0}
    - target: {fileID: 5918931704146715733, guid: 2fc2c8279d3c03942bf7bc3bec86e527,
        type: 3}
      propertyPath: m_RootOrder
      value: 6
      objectReference: {fileID: 0}
    - target: {fileID: 5918931704146715733, guid: 2fc2c8279d3c03942bf7bc3bec86e527,
        type: 3}
      propertyPath: m_LocalEulerAnglesHint.x
      value: 0
      objectReference: {fileID: 0}
    - target: {fileID: 5918931704146715733, guid: 2fc2c8279d3c03942bf7bc3bec86e527,
        type: 3}
      propertyPath: m_LocalEulerAnglesHint.y
      value: 0
      objectReference: {fileID: 0}
    - target: {fileID: 5918931704146715733, guid: 2fc2c8279d3c03942bf7bc3bec86e527,
        type: 3}
      propertyPath: m_LocalEulerAnglesHint.z
      value: 0
      objectReference: {fileID: 0}
    - target: {fileID: 5918931704146715738, guid: 2fc2c8279d3c03942bf7bc3bec86e527,
        type: 3}
      propertyPath: m_Name
      value: SelectionIndicator
      objectReference: {fileID: 0}
    - target: {fileID: 5918931704146715738, guid: 2fc2c8279d3c03942bf7bc3bec86e527,
        type: 3}
      propertyPath: m_IsActive
      value: 0
      objectReference: {fileID: 0}
    - target: {fileID: 5918931704146715738, guid: 2fc2c8279d3c03942bf7bc3bec86e527,
        type: 3}
      propertyPath: m_Layer
      value: 2
      objectReference: {fileID: 0}
    - target: {fileID: 7545885204729591157, guid: 2fc2c8279d3c03942bf7bc3bec86e527,
        type: 3}
      propertyPath: m_Layer
      value: 2
      objectReference: {fileID: 0}
    m_RemovedComponents:
    - {fileID: 1750696423736960473, guid: 2fc2c8279d3c03942bf7bc3bec86e527, type: 3}
  m_SourcePrefab: {fileID: 100100000, guid: 2fc2c8279d3c03942bf7bc3bec86e527, type: 3}
